2408 3870
404 265 612 314 PRAEFATIO.
878 263 954 312 xvii

36 424 263 497 antiquissimus
280 430 323 480 est
336 425 503 498 Polyaenus,
515 424 560 496 quai
580 429 707 494 excerpta
724 440 739 478 e
757 423 821 480 Divi
837 422 901 478 lulli
923 429 951 479 at

15 547 16 552 κ
36 509 103 565 Divi
120 508 244 579 Augusti
260 508 326 564 vitis
345 508 530 579 quadraginta
553 507 613 562 lere
637 507 714 562 annis
731 512 876 578 postquam
891 508 951 563 edi-

15 599 83 686 ἶῑιιο
101 593 213 648 suntin
230 593 288 647 suis
308 591 568 662 strategematisss,
588 595 631 650 23
653 595 688 647 24
702 591 837 660 reposuit
883 591 951 646 Gas-

15 671 16 684 ’
37 675 111 731 sium
135 691 249 746 quoque
266 675 383 732 Dionem
397 673 532 731 Suetonio
554 672 680 728 studiose
698 689 777 728 usum
792 690 873 743 esse,
897 674 950 730 etsi

15 775 93 842 non
112 759 275 827 confitetur,
290 757 384 828 arguit
398 758 478 813 locus
493 763 537 826 64,
553 763 663 815 11-13
678 773 732 827 quo
748 756 812 812 loco
828 774 860 812 ea
878 774 950 828 quae

15 841 197 898 Suetonius
212 858 239 913 p
255 847 321 910 213,
342 845 377 900 23
391 841 478 912 patris
494 841 537 895 sni
560 839 644 894 lide'
637 856 664 893 ιο
682 841 790 896 litteras
804 841 950 910 retulerat,

15 929 181 996 tamquam
202 925 274 997 apud
297 924 448 980 historicos
471 924 583 978 inventa
605 923 747 993 repetivit
793 924 833 978 lte
847 923 950 980 Latinis

36 1007 253 1080 antiquissimus
269 1013 312 1062 est
324 1007 520 1075 Tertullianus,
533 1004 706 1062 Christianus
722 1005 807 1072 diem
824 1022 878 1078 quo
894 1023 949 1063 ιιοιι

35 1093 126 1148 multo
150 1091 327 1164 posteriores
351 1089 531 1161 Spartianus,
554 1088 742 1160 lampridius,
765 1089 949 1161 Capitolinus,

15 1175 184 1258 Vopiscus
204 1173 349 1244 Augustae
366 1173 502 1229 historiae
521 1173 690 1244 scriptores,
711 1173 736 1228 si
757 1189 811 1229 non
832 1189 948 1245 prorsus

15 1243 237 1370 pgcontemneudi
260 1262 340 1327 sunt,
360 1256 512 1328 Tranquilli
532 1254 678 1312 imitationi
694 1257 804 1313 debent
850 1255 947 1322 Quarti

15 1341 149 1398 saeculi
165 1340 321 1412 scriptores
339 1339 507 1412 Eutropius,
523 1339 552 1396 S.
568 1339 701 1394 Aurelius
716 1340 831 1408 Victor,
847 1339 948 1396 lliero-

34 1441 139 1494 nymus
178 1428 206 1477 et
236 1423 335 1478 Paulus
370 1421 487 1478 Orosius
523 1427 624 1477 tantam
658 1423 765 1494 copiam
799 1424 948 1480 verborum

36 1503 276 1563 Suetonianorum
302 1505 530 1576 descripserunt,
551 1511 584 1562 ut¹
601 1507 648 1560 vel
670 1507 704 1562 ad
729 1506 948 1562 emendationem

35 1592 153 1646 illorum
182 1588 331 1645 adhibendi
359 1589 429 1652 sint,
457 1588 585 1643 Decimus
610 1587 750 1644 Ausonius
777 1591 947 1645 hexametris

15 1679 78 1734 tter
108 1671 259 1728 duodecim
289 1670 436 1726 (laesarum
461 1672 587 1740 nomina,
616 1687 722 1741 annos,
746 1679 849 1727 mortes
873 1689 948 1728 com-

36 1757 141 1828 plexus
165 1761 218 1810 est.

98 1838 205 1894 Omitto
219 1837 340 1909 Vergilii
357 1839 457 1894 Lucani
474 1837 613 1895 luvenalis
631 1844 877 1906 commentatores,
897 1838 948 1894 sed

15 1921 18 1994 I,
35 1924 90 1978 lroc
109 1923 345 1994 praetereundum
357 1938 420 1977 non
435 1929 494 1990 est,
510 1928 591 1977 sexto
606 1921 720 1978 saeculo
734 1919 863 1977 loannem
878 1922 947 1977 Lan-

15 1995 158 2068 lrentium
190 2006 292 2075 Lydum
322 2012 350 2060 ct
383 2007 513 2061 loannem
542 2005 746 2061 Antiochenum
780 2005 946 2062 laudabilem

15 2077 154 2160 ξοιιοιιιιιι
186 2087 314 2144 Suetonii
335 2088 401 2145 vitis
432 2089 590 2159 ceterisque
620 2087 732 2160 scriptis
765 2089 946 2160 impendisse,

36 2172 163 2228 Graecos
181 2171 324 2236 bominem
345 2187 399 2243 quo
417 2178 542 2243 tempore
564 2172 592 2226 in
612 2171 764 2228 Occidente
785 2179 858 2228 tanta
873 2174 947 2230 tati-

36 2267 134 2310 narum
152 2255 306 2310 litterarum
322 2255 429 2310 incuria
446 2255 618 2324 incesserat,
636 2261 666 2309 nt
680 2270 740 2310 cum
753 2256 860 2325 ingenti
876 2257 946 2312 alio-

15 2355 96 2412 ,rum
129 2339 263 2394 librorum
294 2339 430 2395 bonorum
461 2339 634 2394 multitudine
664 2339 745 2393 etiarn
775 2339 945 2394 Suetoniana

15 2438 126 2494 opera
152 2422 286 2493 pleraque
308 2422 433 2493 perirent
457 2428 485 2477 et
504 2421 549 2476 vel
571 2422 606 2476 de
629 2421 687 2477 vita
710 2420 857 2477 Caesarum
879 2422 946 2478 libri

15 2497 17 2546 ?
35 2511 115 2574 octo,
132 2505 278 2574 dequibus
295 2505 412 2574 agimus,
429 2519 483 2560 non
500 2505 611 2559 multum
624 2505 737 2560 abesset
747 2505 813 2574 quin
831 2506 946 2561 interci-

35 2590 147 2645 derent.

98 2671 203 2726 Unum
219 2671 403 2741 exemplar
417 2676 509 2726 tantae
525 2672 622 2726 ruinae
639 2670 786 2741 superluit,
804 2671 930 2743 idque
903 2689 945 2727 vr·
954 2679 1070 2721 Diuveraor
1058 2691 1093 2719 um

36 2756 85 2811 tiis
108 2754 262 2810 minoribus
279 2754 503 2824 maioribusque,
519 2755 566 2808 bic
584 2754 644 2809 illic
659 2755 766 2810 lacunis
785 2771 896 2826 quoque
917 2743 965 2810 ct
965 2729 1077 2832 ²⁵⁰0&
1080 2741 1101 2770 m

15 2907 16 2912 η
36 2837 304 2910 interpolationibus
320 2837 460 2893 foedatum
467 2832 505 2909 ⁵),
526 2838 690 2908 quinetiam
708 2839 819 2909 integro
835 2844 946 2910 qnater-

108 2983 278 3048 5)Excmpla
301 2985 369 3035 inira
392 2993 530 3050 ponuntur
567 2983 604 3036 Ne
623 2986 689 3036 tituli
717 2986 818 3050 quidem
837 2957 946 3035 vitarum

15 3077 16 3116 ι
38 3054 177 3132 incorrupti
197 3065 344 3104 manserunt
367 3052 487 3118 (certeG.
508 3053 663 3134 Caligula
688 3069 738 3104 non
757 3069 846 3104 essee
868 3068 945 3104 mann

15 3121 167 3186 scriptoris
188 3120 299 3184 constat)
321 3137 475 3186 quamquam
492 3121 570 3172 multo
593 3121 682 3188 peiora
699 3123 730 3172 ab
745 3123 883 3173 editoribus
897 3122 944 3172 ad-

15 3151 205 3252 lmissasunt,
231 3189 417 3252 utilaesar,
434 3190 645 3242 Octavianus
665 3199 710 3242 etc
749 3190 864 3242 Ceterum
881 3205 945 3240 serr

15 3301 16 3306 ,
15 3266 109 3324 ptum
130 3256 211 3308 luisse
230 3257 331 3309 videtur
346 3260 374 3310 id
399 3260 530 3324 exemplar
550 3259 617 3308 binis
639 3259 785 3322 laterculis,
811 3257 944 3310 versiculis

15 3307 16 3390 l
37 3325 173 3376 litterarum
191 3324 277 3379 XVlll
292 3327 332 3378 vel
348 3327 417 3390 XIX,
437 3327 506 3392 quod
524 3327 629 3378 coniicio
646 3343 660 3378 e
678 3329 733 3379 loeo
751 3344 777 3394 p.
791 3327 849 3390 197,
868 3325 944 3378 subt

15 3419 16 3424 =
39 3408 125 3444 omnes
143 3394 201 3444 libri
218 3394 323 3446 babent:
1039 3453 1042 3458 ,
1093 3446 1096 3450 ,

270 3467 379 3516 mameae
392 3481 442 3518 non
459 3467 582 3518 mediocre
600 3467 706 3517 studium
933 3439 986 3508 anf
1000 3459 1038 3505 εἳ
1053 3460 1067 3491 ”’
1079 3455 1098 3531 ‘J'

272 3537 382 3585 maxima
399 3543 446 3587 etc.

80 3617 217 3654 aaronica
780 3606 798 3658 b
