2412 3876
84 181 103 242 8
174 190 204 238 c.
221 189 369 237 suuuour
385 189 511 248 nanno.
528 189 575 236 os
590 189 673 236 vrun
690 186 873 236 cassanum
889 188 957 237 uso.
974 190 997 236 1.

85 345 184 405 allicio
197 344 366 423 frequentes
381 343 602 421 obstinatosque
613 341 649 402 ad
660 341 851 402 resistendum
864 335 1087 404 concucurrisse

40 429 245 504 secernebat,
272 427 345 486 banc
369 427 483 505 quidem
504 427 651 504 actionem⁵
667 425 810 505 deposuit.
856 422 991 487 Ceterum
1014 424 1087 487 (iae-

86 512 152 573 oilio
169 510 288 574 bletello
305 509 418 570 tribuno
440 509 536 589 plebis
558 508 817 571 turbulentissimas
839 507 924 587 leges
945 509 1087 572 adversus

85 597 263 674 collegarum
279 596 519 655 intercessionem
534 593 639 654 ferenti
661 601 808 654 auctorem
824 603 1085 673 propugnatorem·

85 698 141 760 que
156 699 189 739 se
205 678 433 758 pertinacissime
451 676 610 756 praestitit,
628 675 724 736 donec
737 675 822 736 ambo
839 675 1111 738 administrationes

84 763 275 842 reipublicae
290 759 410 822 decreto
426 769 538 839 patrum
552 760 801 821 submonerentur.
829 739 980 821 Kc'nibilo
992 763 1091 820 miuus·
1204 833 1205 840 ἵ

83 863 255 927 permanere
266 847 294 904 in
309 846 477 924 magistratu
493 843 581 904 etius
597 843 694 904 dicere
713 861 814 920 ausus,
830 851 859 904 ut
878 845 1018 923 comperit
1035 863 1085 923 pa·

83 939 177 1008 ratos,
206 930 254 1008 qui
276 930 304 988 vi
329 947 364 990 ac
386 946 439 1007 per
461 945 539 989 mma
563 926 764 1006 prohiberent,
786 926 910 988 dimissis
932 926 1084 987 lictoribus

84 1015 255 1091 abiectaque
278 1021 429 1090 praetenta
456 1011 568 1072 domum
590 1011 663 1072 clam
684 1011 808 1089 refugit,
835 1027 888 1089 pro
919 1010 1085 1073 conditione

83 1109 245 1176 temporum
257 1098 415 1174 quieturus.
441 1095 650 1158 Multitudiuem
661 1112 779 1173 quoque
794 1092 880 1154 biduo
896 1102 964 1173 post
978 1099 1122 1173 spontem

83 1191 112 1242 et
133 1181 208 1240 ultro
231 1179 422 1239 confluentem
446 1191 624 1257 operamque
646 1178 700 1237 sibi
720 1179 748 1238 iu
767 1177 928 1239 adserenda
946 1178 1086 1256 dignitate

82 1264 284 1326 tumultuosius
313 1261 500 1341 pollicentem
534 1263 715 1341 conpescuit.
758 1261 843 1337 Quod
875 1280 940 1322 oum
969 1271 1087 1340 praeter

83 1349 249 1427 opinionem
268 1347 432 1422 evenisset,
456 1353 590 1422 senatus,
613 1345 651 1406 ob
669 1342 791 1407 eundem
813 1353 927 1407 coetum
949 1346 1086 1406 festinato

84 1440 220 1507 coactus,
241 1431 351 1506 gratias
377 1431 404 1490 ei
426 1448 479 1508 per
498 1429 641 1508 primores
660 1430 741 1490 viros
761 1431 838 1508 egit,
861 1429 1041 1508 accitumque
1057 1430 1086 1486 in

84 1517 189 1576 curiam
212 1523 241 1574 et
255 1515 440 1593 amplissimis
459 1513 560 1573 verbis
582 1512 782 1574 conlaudatum
797 1516 826 1573 in
840 1514 984 1591 integrum
1002 1513 1084 1574 resti·
1096 1529 1124 1572 ut

82 1602 148 1676 tuit,
163 1598 279 1658 inducto
298 1600 397 1676 priore
412 1597 541 1658 decreto.

42 1694 71 1748 17
144 1675 262 1744 Recidit
277 1699 377 1742 rursus
400 1682 429 1742 in
446 1680 600 1755 discrimen
621 1679 712 1758 aliud,
736 1681 810 1740 inter
831 1682 930 1741 socios
946 1679 1088 1742 Catilinae

82 1768 242 1828 nominatus
260 1773 289 1825 et
313 1765 388 1845 apud
402 1761 526 1825 Novium
540 1761 660 1841 Nigrum
677 1773 861 1842 quaestorem
880 1764 999 1826 abocio
1016 1767 1085 1824 Vet-

82 1854 122 1912 tio
139 1849 233 1910 indice
249 1858 278 1908 et
293 1851 321 1908 in
340 1856 442 1910 senatu
458 1867 474 1909 a
490 1848 596 1924 Quinto
611 1846 715 1924 Gurio,
728 1848 786 1924 cui,
804 1848 880 1926 quod
894 1850 1001 1926 primus
1018 1865 1085 1908 cou-

82 1936 144 1996 silia
159 1935 373 2004 coniuratorum
383 1932 546 2008 detexerat,
558 1933 712 1992 constituta
724 1940 805 1992 erant
818 1932 933 2010 publice
946 1933 1084 2010 praemia.
1095 1945 1122 1988 aa

83 2019 187 2080 Curius
201 2036 219 2076 e
235 2015 359 2077 Catilina
375 2034 407 2076 se
424 2016 602 2093 cognovisse
618 2014 748 2092 dicebat,
765 2016 879 2075 Vettius
891 2017 976 2077 etiam
990 2015 1084 2076 chiro·

82 2102 224 2181 grapbnm
242 2100 323 2175 eius,
348 2096 489 2160 Catilinae
512 2098 621 2175 datum,
638 2098 840 2176 pollicebatur.
874 2099 907 2160 ld
923 2117 996 2160 vero
1012 2097 1086 2160 Gae-

83 2205 130 2246 sar
146 2184 225 2244 nullo
242 2182 328 2242 modo
351 2181 532 2244 tolerandum
547 2183 728 2258 existimans,
754 2200 817 2242 cum
839 2183 986 2262 inplorato
1003 2181 1086 2242 (licc-

82 2270 161 2332 ronis
184 2265 349 2327 testimonio
372 2265 511 2345 quaedam
535 2284 568 2325 se
590 2265 626 2325 de
650 2266 848 2326 coniuratione
871 2267 946 2328 ultro
968 2267 1004 2326 ad
1022 2284 1086 2325 eum

83 2352 221 2414 detulisse
238 2349 406 2426 docuisset,
423 2368 459 2409 ne
479 2350 566 2410 Curio
584 2349 863 2427 praemiadarentur
885 2350 998 2419 eliecit3
1014 2351 1124 2411 Vct-tt

82 2439 150 2498 tium
165 2434 337 2514 pignoribus
354 2436 459 2513 captis,
477 2443 505 2493 et
521 2433 631 2512 direpta
644 2433 827 2511 supellectile
843 2433 918 2494 male
933 2432 1086 2494 mulcatum

82 2539 118 2582 ac
133 2536 186 2599 pro
202 2520 305 2580 rostris
324 2518 353 2577 in
375 2519 509 2578 contione
526 2535 620 2596 paene
638 2516 830 2596 discerptum,
853 2518 959 2579 coiecit
970 2519 1007 2578 in
1024 2535 1085 2577 car-

84 2620 194 2674 cerem;
220 2601 324 2662 eodem
342 2600 467 2661 Novium
490 2609 689 2680 quaestorem,
714 2600 791 2680 quod
814 2601 985 2680 compellari
1009 2599 1086 2679 apud

82 2707 114 2750 se
131 2688 268 2747 maiorem
285 2693 459 2765 potestatem
476 2703 579 2764 passus
596 2693 684 2745 esset.

38 2789 73 2842 18
145 2769 191 2830 En
219 2778 355 2848 praetura
380 2768 546 2829 ulteriorem
572 2769 688 2828 sortitus
713 2768 897 2847 Hispaniam,
927 2771 1122 2829 retinentcsct

83 2854 247 2916 creditores
264 2854 427 2913 interventu
439 2869 613 2931 sponsorum
627 2853 759 2928 removit,
777 2869 811 2912 ac
825 2870 920 2932 neque
937 2869 1018 2912 more
1036 2871 1085 2912 ne·

82 2956 138 3018 que
154 2938 232 3013 iure,
256 2945 322 2997 ante
346 2953 429 3014 quarn
448 2936 615 3014 provinciae
636 2944 823 3013 ornarentur,
849 2931 1000 3015 proiectus
1023 2944 1085 2995 est:

80 3026 240 3096 incertum,
264 3028 379 3080 metune
402 3018 513 3094 iudicii,
537 3018 616 3098 quod
638 3020 750 3096 privato
777 3020 946 3100 parabatur,
970 3037 1005 3080 au
1028 3036 1086 3098 quo

81 3105 218 3167 maturius
240 3104 329 3164 sociis
347 3102 558 3182 inplorantibus
579 3102 762 3172 subvenirem
788 3112 947 3182 pacataque
966 3103 1085 3182 prouin-

82 3191 143 3266 cia,
168 3189 231 3268 pari
254 3188 457 3264 festinatione,
479 3203 536 3256 non
552 3194 708 3264 expectato
725 3204 914 3264 successore,
935 3184 971 3247 ad
990 3187 1121 3252 trium-at

82 3273 168 3351 phum
184 3272 267 3332 simul
286 3269 522 3348 consulatumque
544 3269 680 3330 decessit.
725 3270 782 3330 Sed
803 3289 882 3348 cunr,
906 3269 1008 3330 edictis
1030 3270 1086 3330 iam

81 3357 210 3431 comitis,
234 3357 309 3416 ratio
327 3355 389 3414 eius
410 3351 511 3414 baberi
529 3369 587 3412 non
604 3362 707 3431 posset
722 3354 777 3414 nisi
795 3353 922 3432 privatus
938 3354 1086 3414 introisset

79 3438 201 3517 urbem,
229 3447 257 3498 et
279 3436 412 3498 ambienti
434 3444 463 3494 ut
483 3433 597 3512 legibus
620 3437 782 3497 solveretur
804 3436 883 3497 multi
905 3437 1084 3498 contradice-
