2408 3870
447 252 653 301 PRAEFATIO.
931 257 1003 306 va

152 413 280 485 Denique
296 412 557 470 beneficioGudiani
573 411 690 484 codicis,
707 421 734 469 et
747 415 844 487 optimi
860 421 888 470 et
900 417 998 474 abloc-

1 553 2 556 ,
84 499 136 555 bio
154 496 364 555 accuratissime
381 497 487 568 collati,
503 497 659 554 factumest
676 506 706 578 ιιι
720 501 936 572 orthographica
951 519 998 558 ra-

1 581 2 588 ’
85 583 129 640 tio
143 582 230 656 paulo
244 581 408 651 diligentius
421 590 500 652 quam
515 582 604 637 adbuc
621 583 721 639 iactum
734 589 794 639 erat
807 583 914 640 institui
931 601 998 655 pos-

85 673 139 723 set.
173 665 240 720 Eius
253 665 325 720 eninr
340 665 506 721 auctoritate
517 665 608 736 Nicia,
623 664 786 735 Crassicius,
800 665 918 723 Porcius
934 667 998 742 (ad-

86 751 197 807 dendus
223 749 276 804 luit
295 745 445 822 Albucius)
472 765 488 803 c
508 749 619 820 littera,
648 755 703 804 turn
726 750 853 822 Dionysi,
875 751 998 822 Pompei.

85 836 221 904 socratici,
241 832 404 903 Brundusi,
427 833 508 890 etiarn
525 835 624 904 repetit
646 850 675 906 p.
690 839 759 905 260,
784 840 819 894 38
837 835 957 908 simplici
980 839 997 903 i,

1 927 17 954 ='
86 918 191 974 deinde
213 910 436 990 praenomina⁴⁷)
454 924 482 972 et
501 911 653 974 numeralia
677 919 722 974 vei
747 917 872 974 omuibus
894 919 996 976 litteris

1 993 2 1050 Ῐ
86 1003 133 1056 vel
153 995 339 1073 compendiis,
354 1007 496 1073 postremo
512 1009 616 1071 auctor,
635 1005 727 1071 cctcri,
743 1017 838 1068 causo,
856 1004 940 1072 milia,
955 1004 996 1058 lil-

1 1083 2 1086 ’
86 1093 180 1155 ierac,
195 1101 336 1139 nummum
356 1091 384 1138 et
397 1085 500 1140 similia
515 1084 558 1141 sic
573 1091 602 1140 ut
617 1087 697 1142 vides
716 1086 820 1157 scripta
837 1093 910 1143 sunt.

154 1169 283 1224 Ceterum
300 1169 428 1240 quaestio
450 1169 520 1224 hacc
536 1170 753 1242 orthographica
770 1169 805 1225 ad
820 1170 996 1243 deperditum
1018 1181 1146 1242 nanceio·-

1 1299 15 1340 ἃ
85 1254 164 1310 illurn
187 1253 314 1308 codicem
328 1252 555 1322 Heuochianum,
573 1254 652 1310 cuius
669 1255 803 1325 quandam
821 1255 945 1326 speciem
968 1261 996 1310 et
1018 1245 1059 1274 '²¹²⁸
1077 1231 1144 1274 mm*

4 1337 9 1350 '
87 1337 269 1394 adumbrasse
287 1343 314 1390 ct
329 1337 487 1391 restituisse
504 1336 585 1392 nobis
600 1337 737 1408 videmur,
753 1339 912 1394 revocanda
930 1339 993 1394 erit.

1 1478 2 1481 ,
85 1422 127 1477 Ac
151 1421 176 1476 si
199 1426 277 1475 recte
298 1420 466 1491 disputatum
488 1427 546 1488 cst,
572 1421 698 1476 codicum
719 1421 807 1477 adhuc
830 1423 996 1479 collatorum

86 1505 209 1562 omniurn
225 1503 352 1574 proxime
368 1503 402 1558 ad
417 1503 487 1559 iliud
505 1505 660 1576 exemplum
676 1504 813 1560 accedere
832 1506 996 1561 Leidensem

86 1597 114 1645 et
130 1587 302 1656 Gudianum,
325 1587 485 1658 opinionem
505 1588 587 1643 nobis
603 1588 714 1658 quidem
734 1605 849 1643 assensu
865 1605 994 1660 compro—

85 1673 155 1730 bare
178 1687 233 1727 uon
254 1671 367 1740 licebit,
385 1688 464 1742 quum
482 1671 556 1726 docti
574 1671 683 1742 quidam
704 1673 829 1728 homines
849 1673 883 1728 de
904 1678 995 1728 aetate
1083 1683 1085 1690 “

84 1757 164 1812 illius
179 1755 345 1827 concepisse
362 1755 500 1811 ridentur.
529 1753 585 1810 Nos
600 1757 674 1811 intra
690 1756 752 1811 Xlli
771 1757 911 1812 saeculum
926 1771 996 1810 cou-

84 1839 230 1910 sistemus,
246 1838 329 1910 idque
337 1838 443 1896 duabus
457 1839 631 1912 potissimum
644 1840 800 1896 rationibus
816 1839 931 1908 inducti,
948 1854 995 1894 cr-

84 1923 271 1995 thographica
288 1929 316 1978 et
333 1925 560 1995 tachygraphica.
1040 1978 1043 1982 .

1 2020 2 2024 ’
147 2008 276 2065 Nostram
295 2007 401 2065 devita
419 2005 568 2064 Caesarum
586 2009 737 2064 editionem
759 2007 862 2079 siquis
884 2023 943 2064 cnm
962 2006 996 2060 ii·

84 2093 163 2151 beilc
181 2093 216 2148 da
231 2093 417 2162 grammaticis
434 2091 564 2149 conferre
579 2092 718 2163 volucrit,
732 2092 760 2148 in
778 2093 834 2148 hcc
852 2091 996 2148 admodum

85 2177 229 2232 diuersum
252 2193 341 2246 genus
365 2176 506 2233 scribendi
529 2177 665 2233 vocabula
688 2177 898 2232 animadvertet.
943 2175 996 2230 Ra·
1076 2225 1079 2230 .

84 2260 200 2316 rissime
225 2259 296 2314 enim
319 2260 425 2316 veteris
446 2260 602 2332 scripturae
618 2260 756 2331 vestigia,
781 2268 809 2316 ct
833 2260 942 2332 quidem
965 2275 998 2314 ea

85 2344 148 2399 fere
170 2360 241 2417 quac
266 2343 444 2400 librariorum
466 2343 558 2399 odium
580 2345 658 2415 quasi
681 2345 925 2414 subterfugerunt,
948 2343 998 2398 de-

85 2429 259 2500 prehendet,
280 2427 518 2500 praepositionum
538 2429 566 2483 in
589 2429 684 2484 verbis
702 2427 865 2500 compositis
887 2426 998 2482 sincere

84 2513 255 2585 scriptarum
272 2514 428 2584 exemplum
450 2503 611 2581 null'urnss),
634 2512 785 2569 accusativi
807 2509 924 2585 pluralis
939 2515 999 2563 ter-

84 2597 143 2652 tiae
160 2597 359 2653 declinationis
374 2597 400 2651 in
416 2597 447 2652 is
462 2596 600 2652 terminati
618 2589 757 2669 unnm⁴⁰),
774 2593 910 2668 simplicis
925 2594 936 2646 i
951 2591 998 2646 lit-

155 2761 201 2824 47)
227 2760 342 2823 Namque
358 2759 406 2808 hnc
429 2761 455 2808 iu
468 2768 539 2824 perte
557 2761 702 2819 Pontanus,
728 2762 771 2824 qui
786 2759 935 2810 Leidensem
955 2771 998 2808 co-

87 2829 168 2878 dicem
186 2829 339 2895 exscripsit,
364 2829 408 2877 nni
424 2829 526 2894 legendi
546 2828 661 2878 facilitati
683 2829 839 2889 inserviens,
864 2839 914 2876 non
938 2839 998 2876 raro

86 2897 273 2962 imprudentius
290 2897 356 2962 egit,
381 2897 441 2946 dum
459 2911 483 2946 v.
501 2912 522 2947 c.
540 2911 586 2961 pro
605 2896 655 2948 GN.
678 2897 725 2950 Gra.
743 2898 857 2962 reponit,
879 2895 906 2945 6.
924 2902 949 2944 6ι
967 2894 995 2942 L.

86 2969 113 3017 in
133 2967 219 3017 Ouium
237 2973 262 3016 et
276 2967 376 3016 Latium
394 2965 505 3020 resolvit,
523 2965 665 3016 Cornelium
683 2975 706 3016 ct
724 2969 868 3032 Augustum
882 2964 909 3013 in
921 2963 995 3012 Corn.

86 3043 112 3086 et
121 3035 189 3100 Aup.
201 3041 304 3095 coartat,
318 3036 379 3098 quin
391 3034 465 3083 etiarn
477 3034 566 3102 pqu.
581 3033 710 3084 Ciceronis
722 3045 747 3100 p.
762 3033 823 3094 263,
835 3033 868 3082 24
879 3033 999 3097 mapister

75 3105 218 3155 'Ciceronis
233 3102 328 3154 scribit.

156 3173 201 3236 48)
219 3171 405 3236 Excipiendum
421 3186 448 3236 p.
468 3171 528 3232 257,
548 3173 563 3219 7
580 3172 732 3230 adnotatum,
753 3169 812 3219 oiim
830 3171 856 3219 in
871 3170 908 3218 ud
917 3176 998 3218 norun

88 3251 112 3294 ct
124 3249 153 3292 ot
167 3249 248 3292 notun
259 3250 417 3327 corruptu·m;
440 3254 497 3288 narn
509 3249 539 3305 pi
548 3239 608 3300 267,
622 3241 653 3290 14
667 3238 728 3301 boui
742 3237 800 3287 libri
815 3251 903 3287 ornnes
920 3252 999 3286 unno-

87 3320 145 3362 tare
161 3309 263 3361 babent.
325 3321 326 3324 ’

157 3376 205 3441 49)
223 3394 249 3444 p.
269 3378 333 3439 266,
355 3378 389 3430 26
403 3379 525 3444 praedic·
546 3391 604 3426 nem
621 3393 646 3442 p.
667 3375 734 3437 263,
755 3375 772 3426 8
792 3378 869 3426 omnis
886 3388 937 3423 non
953 3371 997 3422 ha-

12 3469 17 3476 ·
88 3449 148 3499 hent
169 3447 219 3498 nisi
242 3447 371 3497 Parisinus
395 3447 476 3498 codex
501 3453 525 3495 et
548 3447 646 3495 Incerta
669 3445 761 3504 editio,
786 3445 830 3507 qui
852 3443 909 3492 iibri
933 3443 998 3491 anti·
1090 3493 1093 3500 Α

90 3518 192 3581 quitatis
211 3515 368 3566 affectatione
380 3518 454 3566 etiem
472 3529 542 3580 quom
559 3527 605 3580 pro
623 3529 675 3564 cum
693 3513 802 3562 scribere
821 3513 911 3561 solent.
948 3512 1000 3558 Ac·

130 3600 270 3638 sunrourus.
857 3601 872 3634 e
