2444 3872
4 207 6 246 f
103 211 164 272 146
195 223 225 270 c.
240 222 389 271 sennenn
407 224 535 284 unaue.
549 224 597 270 nn
612 224 696 272 urus
711 223 896 274 sessanum
910 226 978 274 mc.
992 227 1057 274 1111.

4 391 5 394 ’
91 378 237 440 'auxilium
251 386 490 455 accucurrerunt,
517 395 587 438 mox
601 367 885 458 Carmani'oorporis
899 379 1045 456 custodes,
1071 397 1106 440 ac

4 495 5 498 κ
99 462 256 524 nonnullos
283 481 321 522 ex
347 461 586 542 percussoribus,
614 463 753 542 quosdam
780 465 864 524 etiam
887 472 1043 524 senatores
1064 465 1104 522 in-

100 549 205 608 noxios
220 549 437 607 interemerunt.

55 641 92 697 so
163 633 243 690 Vixit
260 632 457 708 annisviginti
476 646 598 706 novem,
630 631 783 710 imperavit
803 632 927 694 triennio
953 639 983 693 et
1001 631 1104 692 decern

99 715 247 776 mensibus
268 716 427 794 diebusque
445 723 525 776 octo.
570 712 703 776 Cadaver
717 715 779 776 eius
795 715 869 778 clam
887 719 916 776 in
931 715 1034 776 bertoo
1051 715 1128 776 Ira-s

98 803 210 861 mistros
228 809 422 879 asportatum,
454 805 483 860 et
504 799 686 860 tumultuario
703 816 778 878 rogo
799 799 1030 862 semiambustum
1045 799 1104 859 leui

101 887 231 964 caespite
249 885 381 945 obrutum
397 893 458 960 est,
484 891 588 963 postea
602 901 656 962 per
670 901 790 944 sorores
806 885 842 944 ab
859 885 947 946 exilio
968 901 1103 944 reversas

100 979 210 1030 erutum
225 977 255 1028 et
270 978 427 1029 crematum
440 967 652 1048 sepultumque.
683 968 760 1028 Satis
782 977 907 1046 conset,
923 971 1004 1048 prius
1020 985 1104 1048 quam

98 1054 128 1114 id
150 1055 233 1114 beret
250 1053 399 1113 hortorum
419 1051 556 1112 custodes
577 1051 684 1112 umbris
705 1053 892 1131 inquietatos;
924 1055 954 1116 iu
976 1071 1010 1114 ea
1033 1067 1102 1132 quo·

4 1205 8 1214 ¹
99 1157 155 1218 que
177 1137 283 1212 domo,
313 1139 342 1195 in
364 1155 421 1215 qua
443 1135 629 1212 occubuerit,
656 1135 762 1197 nullam
780 1145 896 1198 noctem
920 1138 983 1198 siue
1004 1136 1138 1217 aliqunto

98 1231 212 1282 terrore
236 1228 426 1296 transactam,
454 1219 549 1280 donec
571 1221 636 1299 ipsa
654 1219 755 1280 domus
776 1221 909 1282 incendio
933 1229 1102 1300 consumpta

91 1305 145 1365 sit.
189 1305 268 1364 Perit
291 1323 346 1364 una
372 1313 401 1364 ct
427 1321 500 1364 uxor
516 1301 659 1364 Caesonia
683 1303 781 1382 gladio
803 1323 820 1366 a
844 1307 1012 1367 centurione
1035 1323 1101 1366 con·

97 1391 194 1464 iossa,
218 1397 247 1447 et
263 1388 320 1449 iulia
335 1390 438 1468 parieti
453 1388 546 1448 inlisa.
814 1401 817 1406 “

53 1482 90 1536 oo
160 1471 363 1534 Condicionem
377 1483 539 1552 temporum
553 1471 670 1534 iliorum
683 1473 767 1534 etiam
788 1491 842 1552 per
861 1471 935 1534 baec
949 1474 1102 1536 aestimare

97 1559 191 1638 quivis
205 1559 309 1638 possit.
343 1556 416 1618 Nam
430 1574 527 1634 neque
542 1556 633 1618 caede
648 1557 765 1634 vulgata
780 1557 874 1617 statim
891 1556 1029 1618 creditum
1043 1565 1099 1634 cst,
1111 1574 1138 1616 rc

96 1643 208 1722 fuitque
236 1642 373 1722 suspitio,
405 1641 440 1702 ab
462 1643 528 1719 ipso
551 1640 622 1703 Gaio
643 1642 747 1702 famam
768 1639 867 1702 caedis
893 1641 1053 1704 simulatam
1073 1650 1103 1702 ct

98 1723 248 1804 emissam,
278 1735 309 1786 ut
331 1744 367 1787 eo
391 1735 478 1806 pacto
494 1725 639 1786 bominum
659 1743 730 1802 erga
751 1743 783 1784 se
808 1733 919 1786 mentes
941 1725 1101 1805 depreben-

97 1811 194 1880 deret;
225 1829 321 1889 neque
336 1810 478 1871 coniurati
500 1812 632 1889 cuiquam
649 1811 798 1888 imperium
818 1808 1047 1878 destinaverunt;
1073 1818 1102 1868 et

4 1965 5 1968 Ἴ
96 1904 214 1956 senatus
230 1897 259 1954 in
285 1893 442 1955 asserenda
464 1892 599 1956 libertate
621 1892 694 1953 adeo
716 1893 879 1969 consensit,
912 1903 942 1952 ut
964 1893 1101 1953 consules

97 1981 191 2058 primo
215 1997 273 2039 non
294 1981 463 2054 incuriam,
494 1980 560 2056 quia
586 1977 658 2038 lulia
686 1975 861 2054 vocabatur,
892 1976 991 2038 sedin
1013 1974 1138 2056 Capi-sa

97 2063 196 2123 talium
214 2065 415 2140 convocarint,
443 2061 557 2140 quidam
574 2079 646 2122 uero
664 2062 824 2121 sententiae
840 2061 910 2121 loco
928 2059 1101 2122 abolendam

98 2143 254 2206 Caesarum
269 2148 435 2207 memoriam
451 2164 486 2206 ac
506 2143 644 2206 diruenda
660 2145 768 2223 templa
785 2145 958 2205 censuerint.
986 2143 1102 2218 'Obser3

97 2238 192 2289 vatum
221 2237 316 2289 autem
344 2240 527 2308 notatumque
545 2234 592 2289 est
617 2229 785 2308 inprimis,
818 2226 962 2290 Caesares
987 2245 1100 2306 omnes,

98 2311 200 2392 quibus
225 2311 276 2374 Gai
301 2331 478 2392 praenomen
502 2312 604 2390 inerit,
628 2313 708 2374 ierro
736 2313 867 2392 perisse,
897 2313 954 2374 iam
974 2309 1041 2374 inde
1063 2309 1100 2374 ab

97 2414 151 2476 eo,
181 2399 229 2478 qui
247 2395 383 2459 Cinnanis
397 2395 576 2476 temporibus
590 2397 627 2457 sit
641 2397 767 2458 occisus.
