2438 3872
300 563 617 648 osuuuour
645 566 986 655 uuruoumm

157 744 278 851 Du
330 749 564 852 VITA
620 748 1138 856 CAESARUM

527 951 666 1016 LIBER
690 950 766 1016 VII.

2 1 306 423 l*

2 410 10 1042 l

294 1141 466 1214 oms
515 1141 657 1216 outto.
710 1143 969 1216 VITELLIUS

527 1351 766 1364 *nn—-

432 1539 435 1546 .
566 1489 721 1545 tutti.

3 1641 4 1724 J
116 1671 131 1713 s
203 1646 368 1724 Progenies
392 1645 551 1708 Caesarum
573 1646 602 1705 in
626 1643 746 1706 Nerone
770 1646 893 1706 defecit:
919 1648 1172 1726 quodbrturum,1

142 1728 341 1809 compluribus
354 1730 468 1810 quidem
481 1731 583 1807 siguis,
593 1729 647 1790 sed
657 1730 707 1790 vel
725 1731 948 1790 euidentissimis
965 1731 1078 1792 duobus
1093 1748 1144 1810 ap·

142 1816 246 1895 paruit.
275 1815 386 1890 Liuiae,
400 1813 468 1874 oliuu
485 1823 554 1892 post
571 1812 695 1890 Augusti
710 1815 805 1874 statim
822 1815 936 1893 nuptias
952 1815 1146 1877 Veientanum

143 1915 224 1958 suum
236 1899 387 1976 reuisenti,
403 1897 628 1978 praetervolans
641 1897 993 1977 aquilagallinumalham,
1006 1897 1146 1959 ramulum

13 2029 15 2032 .
142 1982 216 2042 lauri
233 1991 330 2044 rostro
348 1990 510 2058 tenentem,
529 1981 567 2041 ita
586 1990 616 2040 ut
632 1990 784 2060 rapuerat,
808 1980 922 2043 demisit
940 1985 968 2041 iu
986 1983 1144 2060 gremium

106 2087 133 2130 ao
143 2083 266 2146 cumque
277 2066 380 2125 nutriri
395 2065 500 2142 alitem,
514 2065 605 2144 pangi
615 2065 753 2126 ramulum
767 2064 943 2144 placuisset,
959 2075 1039 2128 tanta
1049 2065 1145 2146 pullo-

141 2167 204 2211 rum
216 2148 337 2210 suboles
349 2150 502 2228 provenit,
515 2157 546 2208 ut
556 2148 703 2228 hodieque
719 2167 754 2209 ea
769 2148 839 2209 uilla
859 2149 895 2209 ad
910 2147 1038 2216 Gallinas
1055 2167 1144 2210 voce·

141 2243 199 2310 tur,
212 2233 271 2294 tale
282 2251 355 2293 uero
367 2234 520 2310 lauretum,
533 2241 563 2292 ut
572 2233 771 2313 triumphaturi
784 2230 929 2296 caesares
942 2234 1009 2296 iude
1029 2234 1145 2294 laureas

142 2317 356 2397 decerpereut;
367 2318 479 2397 luitque
490 2333 554 2376 mos
573 2315 823 2397 triumphantibus,
840 2317 906 2378 illas
924 2313 1144 2378 confestim’eo-

143 2401 289 2462 densloco
300 2419 448 2482 pangere;
462 2409 492 2461 et
504 2401 690 2462 observatum
701 2409 757 2477 cst,
769 2400 823 2461 sub
835 2403 975 2479 cuiusque
985 2401 1144 2462 obitumar-

41 2491 45 2510 ⁸
106 2511 133 2554 ιι
143 2485 248 2548 borcm
259 2484 294 2546 ab
306 2489 372 2566 ipso
385 2487 541 2546 institutam
553 2484 731 2562 elanguisse.
754 2483 837 2562 Ergo
849 2486 1007 2546 novissimo
1018 2485 1145 2544 Neronis

144 2589 220 2632 auno
233 2578 262 2630 et
275 2570 350 2630 silua
363 2571 455 2630 omnis
471 2569 584 2629 exaruit
594 2568 749 2644 radicitus,
767 2577 795 2626 et
813 2567 950 2647 quidquid
967 2568 1006 2629 ibi
1024 2567 1144 2647 gallina-

143 2671 207 2716 rum
225 2662 287 2714 erat
304 2654 425 2723 interiit;
442 2671 478 2714 ac
499 2652 620 2713 subinde
636 2660 713 2712 tecta
728 2651 764 2710 de
784 2651 868 2711 caelo
888 2649 1044 2713 Caesarum
1062 2651 1144 2729 aede,

146 2740 243 2819 capita
262 2738 396 2798 omuibus
413 2736 496 2800 simul
514 2740 614 2798 statuis
632 2735 818 2813 deciderunt,
834 2735 959 2813 Augusti
979 2739 1063 2798 etiam
1080 2755 1144 2799 sce·

146 2831 241 2903 ptrum
254 2840 271 2881 e
284 2822 415 2884 manibus
433 2839 587 2883 excussum
602 2829 656 2881 est.

109 2931 137 2972 ao
209 2905 320 2967 Neroni
333 2905 424 2972 Galba
435 2906 578 2968 successit
594 2904 671 2964 uullo
690 2904 782 2982 gradu
800 2907 973 2984 contingens
987 2903 1173 2984 Caesaruml

147 2990 274 3068 domum,
285 2990 337 3051 sed
348 2990 424 3052 haud
436 2988 522 3050 dubie
531 2988 729 3049 nobilissimus
740 3006 902 3068 magnaque
915 2999 945 3049 et
959 2999 1060 3050 vetere
1077 3007 1143 3070 pro-

145 3077 237 3154 sapia,
249 3084 280 3135 ut
292 3076 340 3154 spui
352 3084 507 3135 statuarum
520 3072 610 3133 titulis
623 3082 816 3152 pronepotem
825 3091 859 3132 se
873 3072 968 3148 Quinti
981 3072 1075 3134 Catuli
1090 3071 1144 3134 (ls-

144 3159 259 3259 pltoliui
270 3176 388 3239 semper
405 3159 591 3237 ascripserit,
612 3159 770 3257 imperator
789 3173 860 3217 vero
877 3159 962 3222 etiam
977 3159 1124 3216 stemma
1116 3176 1144 3217 m

146 3244 220 3303 atrio
232 3245 433 3322 proposuerit,
445 3259 502 3321 quo
511 3249 661 3319 paternam
672 3243 814 3319 originem
826 3241 862 3302 ad
870 3240 980 3319 lovem,
987 3248 1145 3303 maternum

3 3357 10 3408 ,·
106 3325 181 3390 unt
193 3327 365 3406 Pasiphaam
379 3327 484 3388 Minois
501 3325 767 3388 uxoremrelerret.

2 3409 9 3840 p
208 3410 354 3490 Imagines
367 3421 396 3472 et
408 3411 506 3490 elogia
519 3409 644 3470 universi
658 3411 777 3486 generis
791 3409 1023 3488 exequilongum
1036 3419 1091 3490 est,
1103 3410 1145 3474 fa·
1155 3419 1176 3475 3
