2408 3870
22 3335 44 3372 et
57 3331 164 3374 rimatos.

44 3577 126 3600 *a

183 173 244 225 xiv
525 158 735 222 resumo

187 329 286 388 arelius
302 347 366 388 mox
381 329 409 387 in
427 330 507 403 peius
523 331 630 402 mutati,
647 330 766 403 denique
780 331 899 404 perlecti
915 348 948 388 ac
963 347 1094 389 consum·
1199 299 1201 334 ³

187 415 253 473 mati
269 429 402 485 nusquam
422 413 532 485 plenam
553 414 703 485 imaginem
724 414 867 471 videamus
892 415 1088 474 adumbratam.
1200 439 1201 444 ¹

189 497 295 555 Deinde
309 497 363 554 boc
377 496 405 552 io
417 496 551 554 Suetonio
567 498 824 570 reprehendendum
840 504 894 568 cst,
910 498 984 569 quod
999 499 1093 555 rerum

187 580 360 654 publicarum
377 580 466 637 miuus
483 580 605 652 diligens
627 580 680 635 fuit
696 596 776 650 quam
791 579 939 637 Caesarum
960 581 1093 656 personis

187 664 299 735 dignum
313 662 433 720 videtur.
477 665 519 720 llo
535 679 567 719 re
586 663 698 735 publica
717 679 787 735 pace
803 664 935 737 belloque
949 665 996 721 vel
1011 671 1093 723 aucta

186 747 233 804 vel
248 746 397 817 deminuta,
413 746 448 803 cie
463 741 564 803 cisium
581 745 848 824 provincialiumque
865 754 954 818 statu,
969 748 1004 804 (le
1018 747 1094 819 legi-

187 831 239 887 bus
260 836 287 885 et
304 829 513 900 magistratibus
532 845 619 902 pauca
635 830 769 901 quaedam
791 835 819 886 et
833 829 952 888 disiecta
973 831 1093 888 admota-

186 913 243 982 vit,
263 918 338 970 totos
354 914 415 969 iero
432 913 461 970 iu
481 913 510 968 id
524 911 662 982 intentus,
684 917 714 967 ol
733 930 748 969 a
765 910 931 970 Caesaribus
948 913 1007 970 suis
1021 913 1092 970 nibil

185 995 296 1052 bomani
317 995 436 1052 alienum
458 995 545 1052 luisse
567 997 692 1052 doceret.
736 995 806 1050 ilino
826 996 927 1052 lactum
947 1002 990 1052 est
1011 1003 1041 1051 ut
1061 995 1092 1052 iu
1199 1013 1200 1016 ¹

186 1078 251 1134 lliui
265 1079 385 1150 Augusti
399 1080 456 1136 vita
471 1078 615 1152 Agrippae
638 1084 666 1133 et
680 1079 848 1136 blaeceoatis
865 1080 979 1148 laudes,
999 1079 1028 1134 in
1043 1078 1095 1134 Ti·

187 1163 268 1219 borio
279 1161 375 1218 Seiani
390 1162 501 1218 scelera
514 1161 610 1218 verbis
621 1162 667 1217 vei
684 1161 769 1217 nullis
779 1162 824 1217 vel
840 1161 1012 1235 parcissimis
1025 1161 1092 1217 illu-

185 1252 355 1314 strareotor;
371 1245 436 1302 binc
444 1243 473 1300 0.
483 1243 628 1316 caligulae
639 1244 848 1317 spurcissimum
858 1244 928 1301 illud
941 1244 1092 1316 quadrien-

186 1328 259 1384 nium
271 1327 375 1400 integri
389 1328 456 1384 libri
471 1327 590 1400 spatium
607 1327 747 1400 explerit3
762 1327 827 1384 binc
839 1327 920 1384 trium
934 1327 1091 1401 principun

185 1411 316 1482 rebellio,
330 1411 384 1468 uisi
401 1410 490 1468 Taciti
504 1411 637 1467 historias
651 1410 762 1468 fortuna
776 1417 929 1481 servasset,
946 1411 1090 1468 obscuris.

184 1495 254 1551 sina
271 1495 361 1552 soree

246 1579 365 1634 Laborat
383 1577 470 1650 igitur
493 1575 691 1634 Suetonianum
713 1594 801 1649 genus
824 1579 902 1635 vitiis
927 1578 1104 1649 quibusdan«

184 1678 240 1718 non
258 1660 384 1731 exiguis,
407 1678 478 1734 quae
494 1677 555 1716 oum
570 1660 646 1717 vitae
667 1661 876 1732 studiorumque
891 1677 997 1733 genere
1019 1661 1092 1717 sori-

183 1747 273 1818 ptoris
288 1743 418 1802 videntur
433 1744 581 1801 coniuncta
596 1743 691 1800 luisse.
736 1744 858 1800 Publicis
874 1744 946 1800 enim
967 1744 1090 1800 muneri·
1199 1759 1201 1778 2

183 1829 235 1886 bus
252 1843 397 1900 numquam
412 1829 521 1885 iunctus
536 1844 589 1884 uec
609 1828 698 1898 magis
717 1828 799 1883 animi
814 1829 930 1898 quadam
952 1827 1091 1898 maguitu-

183 1912 249 1968 dino
268 1911 386 1968 naturali
402 1911 529 1981 adiutus,
550 1911 602 1967 sed
615 1911 706 1967 libros
720 1911 865 1967 indefesso
882 1912 976 1969 studio
990 1911 1089 1981 legere

184 2010 339 2066 excerpere
362 1995 435 2051 inter
459 2010 491 2050 so
514 1995 646 2050 conferre
662 1994 783 2064 solitus,
805 1993 917 2051 iacilius
935 1993 1089 2065 singularia
1200 2013 1201 2016 ¹

184 2083 213 2135 ct
227 2076 322 2147 aliquo
336 2078 419 2133 modo
432 2078 570 2134 exstantia
585 2076 658 2134 iacta
670 2078 716 2133 vel
731 2077 805 2134 dicta
819 2079 1040 2135 animadvertero
1056 2093 1089 2131 ac

183 2177 236 2234 per
251 2158 344 2232 capita
360 2175 528 2232 componere
543 2176 623 2232 quam
637 2161 813 2232 aequabilem
827 2163 1027 2234 copiosumque
1042 2176 1089 2214 re·

183 2259 243 2299 rum
259 2243 394 2313 ordinem,
410 2244 457 2314 qui
472 2243 551 2314 quasi
562 2244 639 2314 ritae
652 2239 788 2301 humanae
806 2244 951 2302 decursum
968 2244 1088 2313 aliquem
1193 2240 1195 2242 ’

184 2327 350 2397 imitaretur,
364 2322 515 2399 pertexere
532 2327 632 2400 potuit.
675 2327 743 2384 lude
759 2326 903 2401 explicare
918 2328 996 2396 licet,
1012 2327 1086 2398 qood

184 2428 255 2483 quae
278 2411 315 2467 do
334 2410 395 2467 eius
417 2411 575 2468 illustribus
595 2411 665 2468 viris
688 2415 855 2484 supersunt,
874 2411 1002 2483 quoniam
1024 2417 1088 2465 sunt

183 2494 323 2550 bominum
343 2493 445 2550 litteris
468 2494 622 2550 deditorum
642 2495 735 2565 vitae,
760 2494 912 2551 accedente
934 2495 1016 2549 etiam
1044 2493 1087 2548 iu-

183 2577 259 2648 sigui
281 2578 451 2649 singularum
466 2576 622 2647 brevitate,
644 2577 828 2656 perfectionis
847 2577 970 2650 speciem
984 2577 1088 2632 habeut

183 2659 331 2725 maiorem3
357 2660 493 2717 Caesares
515 2675 601 2729 vero,
626 2659 688 2716 sive
708 2661 766 2717 nati
787 2667 851 2715 suut
872 2666 900 2714 ot
924 2659 1033 2716 educati
1051 2659 1087 2714 ad

183 2759 261 2815 spem
276 2743 445 2814 imperandi,
460 2743 521 2800 sive
535 2750 668 2815 provecta
683 2750 774 2800 aetate
789 2744 823 2799 ad
840 2743 1023 2816 principatum
1038 2758 1086 2796 ac-
1116 2749 1119 2753 ’

184 2833 347 2896 cesserunt,
363 2827 399 2882 ad
422 2842 501 2882 unam
525 2826 696 2897 eandemque
718 2826 778 2882 iere
800 2826 921 2898 capitum
940 2824 1101 2881 formulamv

81 2957 82 2960 ,
183 2909 317 2980 descripti
335 2916 413 2980 sunt,
434 2916 465 2965 ut
478 2909 683 2980 grammaticum
703 2910 840 2965 bominem
856 2915 1012 2979 agnoscere
1034 2908 1086 2964 tibi
1199 2911 1201 2976 ξ

183 2992 314 3061 videare,
338 2993 384 3064 qui
408 3009 444 3048 ex
462 2999 605 3049 auctorum
627 2992 733 3048 inlicita
753 2992 927 3048 multitudiue
949 2991 1085 3048 notabilia
1199 3011 1201 3032 ι

183 3068 310 3146 quaeque
332 3076 464 3147 decerpta
481 3082 509 3131 et
530 3075 713 3132 indiscretos
736 3076 961 3133 adversariorum
977 3075 1085 3131 forulos

183 3157 320 3230 disposita
340 3158 490 3215 interiecto
511 3165 635 3230 tempore
650 3175 818 3231 componere
841 3165 869 3215 et
883 3159 949 3214 stilo
964 3158 1085 3212 formare

182 3257 335 3312 aggressus
356 3248 407 3298 est.

242 3324 312 3381 Sunt
328 3331 418 3381 tumen
439 3325 483 3381 bis
502 3324 572 3396 ipsis
586 3324 663 3382 vitiis
687 3325 785 3382 laudes
809 3324 992 3390 coniunctae,
1015 3338 1083 3392 quas
1200 3373 1201 3376 ,

181 3407 302 3476 prunam
316 3408 511 3464 historicarum
525 3422 616 3462 rerum
639 3408 723 3464 iudex
738 3406 847 3460 maximi
863 3405 961 3460 saciet:
980 3405 1008 3459 iu
1024 3406 1084 3460 ool-
