2438 3872
492 243 775 292 vrusuurus.
1071 229 1132 294 ata

139 391 180 454 dit
196 394 304 462 esitus:
320 414 386 458 nam
402 399 599 460 confirmatum
615 415 670 477 per
684 396 799 476 legatos
816 415 885 458 suos
906 398 1055 478 imperium
1076 415 1130 476 per

138 495 173 538 se
189 479 316 540 retinere
333 497 391 541 non
405 483 507 562 potuit.

198 560 242 622 De
256 561 436 627 Betriacensi
453 567 576 628 victoria
591 576 621 626 et
639 565 760 628 Otlrcnis
783 570 878 645 exitu,
901 583 966 626 cunr
987 565 1080 626 adbuc
1101 566 1176 625 into

138 644 231 708 Gallia
246 655 342 724 esset,
357 647 458 726 audiit,
479 650 608 730 nihilque
626 659 792 728 cunctatus,
813 650 952 730 quidquid
973 651 1131 731 praetoria·

3 805 4 824 ἦ
112 748 237 796 sumum
254 731 414 796 cohortium
428 733 496 811 luit,
512 744 541 795 ut
556 735 675 816 pessimi
690 735 832 814 exempli,
856 751 913 796 uno
934 735 1133 796 exauctorauit

137 813 234 875 edicto
253 818 348 876 iussas
369 817 490 878 tribtmis
512 818 628 880 tradere
649 836 738 880 arma.
783 817 903 879 Centum
931 828 1025 880 autem
1045 826 1132 897 atque

135 899 254 977 uiginti,
276 916 397 979 quorum
418 901 537 963 libellos
558 901 664 964 Othoni
682 902 768 963 datos
788 905 940 964 invenerat
966 919 1131 982 exposcen-

136 985 205 1044 tium
220 984 377 1062 praemium
391 986 430 1047 ob
444 986 548 1047 editam
564 988 593 1046 in
611 986 702 1048 caede
718 986 828 1048 Galbae
844 1005 978 1066 operam,
1001 984 1133 1064 conquiri

137 1076 168 1128 ct
178 1067 322 1147 supplicio
335 1068 420 1130 adlici
433 1072 599 1151 imperavit,
618 1072 741 1148 egregie
754 1088 875 1150 prorsas
884 1079 972 1149 atque
979 1071 1132 1149 magnilica

99 1173 128 1216 to
138 1160 168 1212 et
183 1161 213 1212 ut
228 1155 327 1215 summi
342 1155 483 1235 principis
498 1173 581 1235 spem
596 1155 780 1232 ostenderet,
797 1156 852 1216 nisi
868 1165 967 1217 cetera
980 1155 1074 1233 magis
1094 1172 1133 1214 ex

136 1246 238 1298 natura
252 1245 282 1296 et
295 1239 395 1316 priore
411 1241 469 1299 vita
484 1257 535 1300 sua
547 1257 633 1318 quam
644 1257 682 1298 ex
693 1240 805 1319 imperii
816 1241 965 1301 maiestate
977 1240 1131 1318 gessisset.

135 1319 266 1399 Namque
278 1321 380 1382 itinere
391 1323 538 1400 inchoato,
557 1342 611 1406 per
621 1323 732 1384 medias
744 1324 877 1384 civitates
889 1325 946 1384 ritu
956 1322 1130 1403 triumphan-
1148 1341 1161 1448 p

135 1406 205 1465 tium
219 1413 323 1464 rectus
338 1415 399 1483 est,
415 1424 528 1486 perque
543 1407 657 1468 humina
672 1406 884 1468 delicatissimis
901 1410 1025 1486 nauigiis
1041 1416 1070 1467 et
1083 1425 1130 1466 va·

136 1491 243 1550 riarum
259 1505 430 1551 coronarum
444 1509 556 1568 genere
573 1491 726 1570 redimitis,
748 1492 824 1552 inter
840 1492 1059 1572 profusissimos
1079 1489 1130 1550 ob·

100 1574 285 1636 ausoniorum
301 1584 468 1654 apparatus,
484 1575 562 1636 nulla
576 1575 704 1636 familiae
718 1584 766 1637 aut
780 1569 876 1636 militis
897 1576 1063 1655 disciplina,
1082 1592 1131 1636 ra·

137 1659 221 1738 piuas
236 1676 271 1718 ac
289 1658 475 1736 petulantiam
491 1662 615 1720 omnium
631 1661 770 1720 inlocum
781 1669 913 1730 uertens;
930 1662 978 1739 qui
992 1677 1051 1719 non
1063 1675 1130 1719 con·

136 1743 208 1804 tenti
229 1742 319 1821 epulo
341 1743 448 1822 ubique
471 1743 589 1823 publiea
611 1743 760 1822 praebito,
781 1761 980 1823 quoscumque
1000 1742 1132 1810 libuisset

135 1828 164 1888 in
180 1825 344 1888 libertatem
359 1826 547 1905 asserebant,
562 1827 687 1888 verbera
702 1837 732 1888 et
746 1828 865 1908 plagas,
888 1846 979 1907 saepe
999 1825 1131 1901 vulnera,

135 1929 347 1990 nonnumquam
370 1929 473 1972 necem
494 1920 750 1992 repraesentantes
774 1911 1004 1974 adversantibus·
1035 1911 1131 1990 thue

97 2019 126 2062 se
137 2013 273 2074 campos,
290 1996 319 2056 iu
334 1995 439 2076 quibus
453 2005 611 2076 pugnatum
626 2005 689 2072 est,
706 1996 778 2074 adit,
795 1997 978 2058 abhorrentis
992 1994 1132 2074 quosdam

137 2081 310 2142 cadaverum
335 2080 446 2158 tabem,
475 2079 639 2140 detestabili
664 2097 741 2140 voce
767 2082 938 2141 conlirmare
964 2097 1051 2140 ausus
1076 2085 1131 2154 est,

135 2165 250 2243 optime
271 2164 356 2225 olere
376 2164 513 2226 occisum
533 2163 666 2240 hostem,
688 2170 719 2225 et
736 2165 845 2226 melius
868 2165 973 2226 civem.
1008 2163 1072 2223 Nec
1093 2177 1131 2222 eo

136 2249 228 2309 setius
250 2249 286 2310 ad
305 2248 470 2310 leniendam
489 2251 662 2327 gravitatem
683 2249 784 2309 odoris
805 2249 955 2329 plurimum
976 2249 1048 2308 meri
1064 2264 1131 2326 pro-

136 2333 232 2412 palam
247 2333 343 2393 hausit
357 2334 525 2414 passimque
542 2332 648 2392 diuisit.
677 2333 743 2393 Pari
760 2335 886 2394 vanitate
902 2343 989 2412 atque
1005 2331 1131 2392 insolen-

97 2418 172 2480 sttia
194 2416 321 2496 lapidem
341 2419 499 2478 memoriae
520 2415 643 2477 Othonis
665 2417 834 2497 inscriptum
855 2417 984 2492 intuens,
1008 2415 1133 2494 Quum

134 2519 171 2564 eo
192 2500 357 2563 Mausoleo
377 2503 434 2580 ait,
461 2503 700 2581 pomeremque,¹
720 2518 777 2578 quo
801 2502 826 2560 is
851 2518 884 2560 aa
913 2497 1079 2575 occiderat,
1103 2499 1132 2557 in

134 2585 382 2665 Agrippinensem
396 2586 540 2647 coloniam
552 2585 629 2643 misit
640 2584 724 2644 lilarti
735 2582 933 2645 dedicandum.
966 2581 1000 2642 ln
1010 2582 1131 2661 Appen-

134 2671 192 2729 nini
208 2669 324 2748 quidem
340 2671 416 2747 iugis
434 2671 519 2730 etiam
535 2667 719 2748 pervigilium
733 2670 804 2746 egit.
831 2666 941 2729 Urbem
957 2667 1082 2744 denique
1093 2665 1129 2726 ad
1139 2677 1172 2730 ,11

135 2754 289 2814 classicum
303 2755 416 2814 introiit
430 2753 582 2832 paludatus
599 2752 740 2831 ferroque
754 2753 936 2828 succinctus,
958 2752 1032 2811 inter
1048 2752 1132 2829 signa

97 2846 223 2917 toatque,
238 2838 360 2916 vexilla,
376 2836 518 2916 sagulatis
535 2835 699 2914 comitibus,
716 2853 751 2896 ac
765 2835 889 2896 detectis
907 2835 1132 2896 commilitonum

134 2939 229 2983 armus.

195 3006 291 3084 Magis
307 3006 411 3067 deinde
428 3024 463 3065 ac
480 3007 573 3083 magis
591 3005 668 3066 omni
682 3003 779 3065 diuino
795 3005 976 3083 humanoque
987 3005 1049 3062 iure
1061 3019 1131 3080 neg·

134 3090 230 3167 lecto,
252 3090 377 3151 Alliensi
399 3091 446 3150 die
463 3089 660 3168 pontificatum
678 3090 830 3149 maximum
853 3089 947 3168 cepit,
973 3087 1089 3147 comitia
1104 3086 1133 3144 in

134 3174 236 3235 decem
258 3192 349 3236 annos
373 3175 516 3235 ordinavit
537 3190 629 3252 seque
653 3182 825 3253 perpetuum
844 3170 1003 3232 consulem.
1034 3167 1072 3230 Et
1094 3186 1133 3228 ne

97 3260 181 3324 tacui
204 3257 318 3332 dubium
338 3259 431 3336 foret,
455 3256 533 3336 quod
555 3257 708 3336 exemplar
724 3256 873 3335 regendae
890 3255 934 3315 rei
947 3272 977 3334 p.
996 3253 1131 3330 eligeret,

132 3339 357 3404 medio'illartio
381 3358 483 3421 campo
507 3340 632 3402 adhibita
655 3341 838 3422 publicorum
862 3337 1046 3399 sacerdotum
1074 3337 1132 3397 ire·

132 3429 248 3505 quentia
262 3426 380 3488 inferias
394 3426 505 3487 Neroni
521 3423 617 3502 dedit,
632 3442 667 3485 ac
682 3425 817 3485 sollemni
831 3422 966 3484 convivio
991 3421 1133 3483 citharoe-

131 3508 196 3570 dum
212 3510 374 3591 placentem
386 3510 481 3591 palam
492 3508 649 3588 admonuit,
665 3519 694 3570 ut
705 3507 826 3589 aliquid
833 3512 864 3568 et
873 3505 912 3570 de
922 3504 1074 3570 dcmt'ttt'co
1085 3502 1135 3568 us·-
