2444 3872
108 219 168 279 124
206 230 237 278 0.
249 229 401 280 summost
415 229 542 290 nmo.
557 229 605 276 Dm
619 229 703 277 VITA
718 228 900 278 celisanum
914 230 983 278 LIB.
995 230 1060 280 1111.

105 385 261 462 gloriatum
287 385 361 444 euim
383 385 497 444 assidue
519 386 548 443 in
569 382 816 444 commemoranda
838 401 888 442 sua
915 383 1037 460 pietate,
1066 383 1106 443 ad

106 467 302 528 ulciscendam
320 485 422 528 necem
443 469 542 528 matris
561 475 592 526 et
614 465 732 526 fratrum
752 467 889 526 introisse
910 483 946 524 se
966 483 1030 525 cum
1051 484 1105 544 pu·

106 553 195 629 piem
222 551 383 611 cubiculum
412 550 521 613 liberii
549 550 731 626 dormientis,
757 557 788 609 et
813 547 1011 609 misericordia
1038 567 1104 610 cor·

105 643 219 714 reptum
232 634 349 695 abiecto
370 634 450 696 ferro
469 635 645 703 recessisse;
663 651 719 694 nac
735 633 829 708 illum,
855 648 1022 712 quamquam
1036 649 1103 692 sen·

106 721 208 794 sisset,
228 726 276 778 ast
288 719 433 796 inquirere
449 720 600 797 quicquam
616 724 664 776 aut
680 718 785 795 exequi
801 735 908 778 ausum.
1113 741 1128 778 s

62 805 98 860 1³
169 803 219 861 Sic
238 803 388 880 imperium
408 801 545 880 adeptus,
569 800 601 861 Ρ.
623 801 659 860 R.
682 800 748 880 (vel
766 799 859 860 dicam
883 799 1027 860 bominum
1050 818 1103 876 ge·

103 883 194 963 nusi)
221 887 282 944 voti
310 893 473 964 compotem
497 885 578 960 fecit,
601 885 836 962 exoptatissimus
857 885 995 962 princeps
1013 885 1103 944 maxi-

103 987 167 1029 mae
182 970 256 1048 parti
271 968 542 1048 provincialiumac
561 968 695 1044 militum,
717 967 794 1046 quod
813 967 950 1027 infantem
968 967 1104 1045 plerique

105 1060 320 1130 cognoverant3
340 1051 392 1112 sed
413 1061 442 1112 et
462 1053 615 1111 universae
639 1051 718 1130 plebi
737 1051 863 1112 urbanae
885 1050 923 1110 ob
937 1051 1102 1110 memoriam

105 1136 266 1198 Germanici
295 1137 386 1213 patris
415 1137 688 1214 miserationemque
714 1152 807 1214 prope
836 1133 960 1194 aldietae
990 1133 1100 1194 domus.
1114 1151 1139 1192 nu

103 1219 205 1297 ltaque
221 1226 251 1278 ut
271 1227 296 1278 a'
311 1217 424 1278 bliseuo
446 1219 535 1277 morit
554 1219 683 1296 quamuis
706 1217 831 1294 lugentis
851 1217 949 1277 babitu
973 1226 1002 1276 et
1017 1218 1103 1288 bimus

103 1302 202 1362 Tiberi
222 1318 421 1380 prosequens,
442 1307 536 1360 tumen
557 1303 633 1362 inter
652 1301 753 1361 altaria
772 1309 802 1361 et
817 1303 947 1361 victimas
963 1300 1103 1361 ardentis·

104 1403 160 1464 que
180 1382 280 1444 taedas
295 1382 467 1444 densissimo
485 1392 515 1443 et
533 1384 691 1445 laetissimo
707 1384 858 1444 obviorum
872 1385 986 1461 agmine
1006 1386 1103 1443 inces-

103 1471 151 1546 sit,
163 1485 252 1546 super
265 1467 359 1528 fausta
370 1470 484 1528 nomina
499 1466 577 1527 sidus
592 1477 621 1529 et
632 1467 741 1546 pullum
755 1477 785 1527 et
800 1484 905 1546 pupum
918 1475 948 1527 et
961 1467 1103 1528 alumnum

60 1561 96 1616 14
104 1551 324 1632 appellantium
345 1553 539 1630 ingressoque
561 1551 678 1628 urbem,
705 1554 799 1612 statim
823 1567 967 1612 consensu
985 1559 1140 1612 senatusue

102 1645 132 1696 et
144 1637 327 1714 irrumpentis
341 1637 370 1694 in
387 1637 494 1696 curiam
508 1633 625 1713 turbae,
648 1634 731 1695 inrita
750 1634 857 1694 'liberii
874 1633 1031 1714 voluntate,
1054 1634 1104 1714 qui

101 1727 275 1778 testamento
293 1719 413 1779 alterum
428 1727 565 1797 nepotem
580 1737 660 1778 suum
681 1726 889 1797 praetextatum
904 1716 997 1778 adbuc
1013 1717 1102 1778 cobe-

101 1802 201 1861 redem
223 1804 251 1860 ei
266 1800 402 1880 dederat,
423 1805 467 1862 ins
489 1802 691 1881 arbitriumque
715 1803 838 1862 omnium
857 1818 952 1860 rerum
972 1801 1013 1860 illi
1036 1819 1102 1880 per·

100 1886 217 1944 nussum
238 1893 298 1961 est,
319 1894 397 1945 tanta
417 1885 534 1963 publica
554 1886 663 1946 laetitia
681 1894 710 1946 ut
730 1884 821 1944 tribus
840 1886 979 1963 proximis
997 1887 1102 1945 mensi·

101 1968 155 2026 bus
177 1962 215 2028 ac¹
232 1985 269 2027 ne
289 1969 357 2027 totis
377 1969 491 2046 quidem
512 1987 600 2048 supra
624 1978 736 2030 centum
757 1969 910 2045 sexaginta
925 1968 1002 2029 milia
1019 1970 1140 2029 ricti·20

1 2059 10 2115 ἰ,
101 2068 209 2112 murum
224 2068 310 2110 caesa
329 2050 485 2112 tradantur.
1079 2103 1082 2110 .

1 2200 2 2206 χ
165 2131 352 2194 cumdeinde
378 2152 489 2212 paucos
519 2145 586 2213 post
614 2134 677 2196 dies
702 2138 730 2196 iu
756 2137 904 2214 proximas
926 2133 1101 2213 Campaniae
1217 2201 1218 2208 χ

1 2251 2 2254 =
100 2215 209 2276 insulas
225 2218 403 2293 traiecisset,
429 2227 497 2278 vota
523 2236 577 2296 pro
593 2219 686 2279 reditu
706 2229 843 2298 suscepta
863 2227 944 2296 suut,
966 2237 1003 2278 ue
1017 2219 1100 2278 miri·

99 2317 173 2360 mam
187 2298 302 2377 quidem
326 2303 512 2360 occasionem
537 2319 680 2380 quoquam
696 2305 844 2364 omittente
868 2305 898 2362 in
919 2301 1102 2363 testificanda

101 2382 295 2444 sollicitudine
310 2391 340 2442 et
361 2401 431 2444 eura
448 2384 484 2445 de
498 2385 694 2446 incolumitate
709 2389 781 2446 eius.
808 2387 847 2448 Ut
861 2404 932 2447 reru
952 2388 981 2445 in
995 2385 1100 2446 adrer-
1110 2405 1137 2446 aa
1217 2377 1218 2408 ³

99 2485 160 2528 sam
177 2464 360 2527 valitudinem
386 2467 498 2544 incidit,
526 2468 761 2546 pernoctantibus
786 2471 898 2529 cunctis
918 2470 997 2530 circa
1017 2468 1100 2530 Pala.-

98 2553 181 2626 tium,
203 2568 261 2611 non
282 2549 434 2612 defuerunt
456 2553 504 2631 qni
526 2551 741 2630 depugnaturos
767 2570 800 2612 se
822 2554 907 2614 armis
926 2569 980 2630 pro
1005 2552 1101 2613 salute

99 2636 182 2710 aegri
198 2635 304 2711 quique
321 2636 415 2712 capita
435 2653 485 2695 sua
506 2634 587 2695 titulo
604 2637 757 2719 proposito
779 2645 931 2696 voverent.
960 2633 1101 2696 Accessit
1216 2633 1217 2636 ’

98 2715 135 2776 ad
159 2718 327 2775 immensum
354 2719 458 2778 civium
482 2736 609 2778 amorem
638 2719 773 2780 notabilis
801 2721 887 2782 etiam
911 2726 1099 2780 externorum

97 2799 193 2860 lavor.
226 2797 357 2876 Namque
379 2800 543 2862 Artabanus
571 2801 739 2863 Parthorum
768 2821 840 2880 rex,
868 2801 963 2863 odium
983 2815 1135 2880 semperne

98 2890 350 2961 contemptumque
365 2883 463 2944 'liberi
478 2903 547 2962 prae
567 2903 600 2946 se
619 2885 733 2962 ferens,
757 2887 909 2947 amicitiam
923 2885 1006 2946 buius
1022 2885 1098 2947 ultro

98 2966 181 3043 petiit
202 2967 339 3045 venitque
370 2967 406 3028 ad
433 2967 608 3047 colloquium
633 2968 723 3047 legati
754 2970 931 3046 consularis,
956 2977 987 3030 ct
1006 2978 1097 3032 trans-

97 3065 218 3124 gressus
239 3047 407 3128 Eupbrate'n
433 3051 543 3130 aquilas
573 3061 603 3111 et
628 3053 710 3130 signa
732 3054 861 3114 Romana
883 3052 1098 3133 Caesarumque

44 3177 57 3210 ².
97 3133 238 3208 imagines
257 3131 396 3193 adoravit.
1142 3206 1146 3217 ,

54 3225 89 3279 15
160 3214 337 3276 Incendebat
360 3225 389 3277 et
413 3220 479 3296 ipse
496 3215 589 3277 studia
609 3219 753 3278 bominum
775 3221 850 3280 omni
870 3238 983 3299 genere
1002 3237 1132 3302 popu-as

96 3297 226 3358 laritatis.
264 3297 382 3360 Tiberio
406 3317 469 3358 cum
491 3299 620 3377 plurimis
649 3302 774 3363 lacrimis
795 3320 850 3382 pro
874 3304 1012 3364 contione
1037 3303 1097 3366 lau·

97 3379 164 3440 dato
198 3381 389 3461 brueratoque
421 3381 612 3461 amplissime,
654 3387 807 3448 coelestim
839 3386 1038 3449 Pandateriam
1068 3396 1098 3448 et

95 3462 213 3524 Pontias
228 3463 263 3525 ad
282 3464 500 3525 transferendos
515 3469 614 3528 matris
637 3469 793 3549 fratrisque
810 3471 922 3534 cineres
937 3469 1096 3552 festinavit,
