2438 3872
112 209 176 270 aot
201 221 231 269 c.
249 220 400 296 sperem
418 220 546 280 resno.
558 220 607 266 nn
625 211 707 266 vr'ra
725 219 909 268 cassanum
926 219 994 266 ure.
1007 219 1071 267 un.

115 366 136 437 e‘
144 373 234 455 plebe
246 375 360 453 quidem
372 377 542 460 prouinciae
558 375 693 452 legiones
706 383 735 433 et
751 373 855 434 auru'lia
874 375 1051 453 conscripsit
1068 392 1118 432 su-

115 477 171 540 per
191 461 350 524 exercitum
372 463 500 520 ueterem
516 457 642 536 legionis
664 459 747 517 unlus
766 457 941 537 duarumque
958 455 1067 518 alarum
1085 465 1119 517 et
1197 527 1200 536 Ι

116 542 277 603 cohortium
292 545 390 613 trinm;
404 553 433 603 at
444 561 461 602 e
473 541 646 622 primoribus
662 541 811 621 prudentia
829 550 915 622 atque
927 546 1117 622 aetateprae·
1204 613 1205 618 γ

116 627 256 688 stantibus
269 627 349 687 velut
360 628 451 687 instar
462 636 594 704 senatus,
612 626 647 687 ad
665 643 740 705 quos
758 626 794 685 de
809 627 918 688 maiore
927 636 967 685 ¹re
979 627 1117 706 quotiens
1203 659 1205 750 p

117 728 193 794 opus
205 719 284 771 esset
294 711 470 789 referretur,
490 711 617 771 instituit.
655 708 775 788 Delegit
793 717 822 768 et
839 711 986 792 equestris
999 707 1139 770 ‘ordinist
1204 767 1205 772 ,

115 797 247 872 iuvenes,
260 797 308 874 qui
321 804 454 856 manente
466 794 616 854 anulorum
626 811 779 855 aureorum
790 811 844 854 usu
856 791 1115 876 evocati'appella·

114 873 215 952 rentur
226 879 510 958 excubiasqueeirea
520 877 973 940 cubiculumsunmvicemulitum
982 883 1115 954 agerent.

115 959 209 1024 Etiam
221 981 276 1043 per
286 965 455 1043 prouincias
467 961 561 1023 edicta
574 961 689 1039 dimisit,
706 971 809 1022 auctor
823 963 946 1041 siugulis
957 959 1114 1022 universis-

116 1063 173 1126 que
186 1043 370 1126 conspirandi
382 1045 474 1123 simul,
486 1055 514 1105 et
526 1055 556 1106 ut
568 1064 624 1125 qua
636 1055 738 1125 posset
751 1047 875 1126 quisque
888 1064 980 1126 opera
989 1062 1115 1106 commu·
1204 1103 1205 1106 ,

115 1149 182 1190 nem
198 1131 467 1190 eausamiuvarent.
532 1160 535 1168 Α
1125 1132 1150 1174 ¹⁰
1204 1197 1205 1200 Ἴ

75 1271 82 1282 ,,
175 1213 233 1274 Per
249 1213 326 1274 idem
343 1214 408 1273 iere
424 1223 538 1293 tempus
556 1215 584 1272 iu
602 1214 757 1275 munitione
778 1212 898 1293 oppidi,
917 1212 997 1294 quod
1014 1210 1116 1272 sedem
1199 1213 1205 1230 ·’

52 1283 74 1306 s
115 1296 196 1358 bello
212 1296 374 1375 delegerat,
387 1306 522 1376 repertus
535 1306 580 1356 est
592 1297 693 1359 anulus
705 1315 797 1377 opere
809 1297 946 1375 antiquo,
966 1295 1116 1376 scalptura

115 1395 247 1459 gemmae
267 1381 427 1442 Victoriam
451 1395 515 1440 cum
544 1390 666 1462 tropaeo
696 1381 895 1460 exprimente;
921 1399 960 1448 ae
993 1378 1117 1440 subinde

116 1463 314 1526 Alexandrina
325 1465 408 1524 navis
418 1463 572 1526 Dertosam
584 1465 792 1545 appulitarnris
805 1471 918 1542 onusta,
927 1465 992 1524 sint
1006 1461 1115 1542 guber·
1203 1477 1205 1538 ι

115 1558 236 1626 natoue,
253 1549 315 1609 siue
327 1557 412 1609 nauta
426 1565 461 1610 ae
472 1558 594 1609 vectore
605 1549 675 1626 ullo,
685 1558 715 1608 ut
726 1550 832 1610 nemini
843 1548 959 1609 dubium
970 1556 1060 1624 estet,
1073 1549 1152 1607 iun-ts
1204 1595 1205 1620 ,

43 1663 45 1668 v
117 1641 190 1692 stum
202 1634 338 1712 piumque
353 1643 383 1693 et
394 1632 937 1712 laventibusdiisbellumsuscipi;oum
948 1641 1116 1713 repenteex
1204 1621 1205 1684 l

116 1717 266 1797 inopinato
275 1725 481 1796 propenuucta
488 1715 601 1777 turbata
615 1725 689 1776 suut.
711 1715 829 1777 starum
843 1716 933 1786 altera
950 1718 1052 1779 castris
1065 1733 1114 1795 ap·

96 1795 99 1826 ³
118 1801 360 1880 propinquantem
373 1802 548 1880 paenitentia
561 1802 659 1862 mutati
672 1803 845 1861 sacramenti
855 1799 1013 1862 destituere
1028 1817 1114 1860 cona·

96 1901 99 1907 ¹
117 1892 145 1943 ta
154 1892 352 1964 estaegreque
358 1894 471 1944 retenta
478 1884 506 1944 in
514 1885 622 1964 ollieio,
630 1886 755 1962 etservr‘,
762 1902 836 1963 quos
847 1903 863 1944 a
875 1883 980 1966 liberto
987 1883 1115 1944 Neronis

117 1967 153 2028 ad
167 1967 296 2030 fraudem
314 1976 505 2048 praeparatos
516 1969 627 2028 muneri
639 1976 807 2048 acceperat,
820 1987 873 2050 per
887 1969 1071 2048 angiportum
1085 1967 1149 2025 inti
1176 1999 1185 2056 3

117 2050 237 2111 balneas
253 2047 448 2112 transeuntem
468 2069 560 2132 paene
576 2053 805 2122 iuteremeruuts.
821 2054 876 2112 nisi
897 2051 1115 2112 cohortantibus
1169 2057 1176 2064 '
1199 1995 1205 2118 u

117 2136 146 2192 in
167 2135 260 2193 ricem
277 2152 314 2194 ue
333 2129 519 2206 occasionem
542 2137 722 2214 omitterent,
742 2135 988 2214 interrogatisque
1005 2136 1042 2197 de
1059 2151 1114 2214 qua
1204 2165 1205 2170 ι

118 2216 277 2278 occasione
297 2219 501 2297 loquerentur,
530 2234 671 2302 expressa
703 2219 831 2280 cruciatu
857 2221 1005 2289 boniessio
1024 2226 1112 2278 esset.
1203 2179 1205 2276 u

73 2305 106 2359 11
118 2298 256 2376 Accessit
268 2300 305 2362 ad
315 2309 392 2362 tauta
405 2302 568 2363 discrimina
581 2320 661 2364 mors
675 2301 895 2382 Vindicis,'qua
910 2303 1035 2386 mamma,
1046 2319 1113 2362 cou-

118 2393 262 2446 steruatus
275 2384 469 2466 destitutoque
486 2387 586 2447 similis
603 2402 660 2447 non
676 2387 792 2448 multum
804 2387 875 2448 aluit
891 2388 957 2466 quin
975 2389 1052 2450 vitae
1067 2403 1112 2444 re·
1122 2408 1149 2450 ss

117 2469 269 2530 nuntiaret.
300 2469 359 2530 Sed
372 2469 645 2550 supervenientibus
664 2469 700 2530 ab
720 2471 792 2530 urbe
809 2471 914 2534 nuntiis
932 2479 963 2534 ut
975 2471 1114 2530 occisum

115 2552 263 2613 Neronem
276 2563 456 2634 cunctosque
468 2553 597 2633 inperba
610 2573 660 2616 sua
677 2556 788 2614 iurasse
806 2557 961 2634 cognorit,
981 2553 1114 2634 deposita
1203 2573 1205 2592 ³

117 2635 207 2713 legati
222 2639 352 2716 suscepit
366 2637 503 2698 Caesaris
522 2629 764 2720 appellationem,
777 2639 889 2718 iterque
906 2641 1057 2717 ingressus
1070 2645 1115 2706 est

118 2717 270 2800 paludatus
289 2739 323 2780 ae
340 2721 524 2803 dependente
542 2739 559 2783 a
576 2722 741 2783 cervicibus
765 2723 893 2803 pugione
908 2732 976 2784 ante
994 2727 1112 2802 pectam:

117 2819 173 2860 nec
185 2803 266 2881 prius
278 2819 359 2864 usum
370 2815 459 2884 togae
468 2807 644 2886 reciperavit
654 2824 738 2885 quam
746 2808 899 2890 oppressis
907 2808 955 2884 qui
962 2821 1113 2874 notasses
1122 2819 1149 2861 eo

117 2883 321 2963 moliebantur,
332 2889 485 2968 praelecto
498 2892 628 2968 praetori
638 2889 812 2969 Nymphidio
827 2890 935 2951 Sabino
948 2889 1068 2966 Romae,
1085 2887 1114 2947 in

118 2967 272 3028 Germania
284 2969 408 3031 Fonteio
422 2971 576 3051 Capitone,
591 2975 619 3032 iu
629 2973 730 3035 Africa
741 2972 846 3035 clodio
857 2975 957 3042 Macro
969 2973 1087 3052 legatis.

78 3067 113 3120 lt
184 3049 391 3114 Praecesserat
402 3055 438 3115 de
457 3072 493 3114 eo
512 3057 588 3118 iama
604 3059 743 3120 saevitiae
761 3055 844 3119 simol
862 3067 949 3137 atque
966 3057 1113 3135 avaritiae,

125 3136 202 3214 quod
216 3135 348 3200 civitates
367 3137 569 3217 Hispaniarum
587 3141 816 3222 Galliarumque,
841 3159 917 3222 quae
936 3141 1113 3210 nuntiantins

120 3219 175 3278 sibi
188 3230 387 3301 accesserant,
398 3223 583 3301 gravioribus
594 3225 716 3304 tributis,
729 3224 865 3304 quasdam
877 3227 962 3289 etiam
969 3219 1112 3289 murorum
1120 3250 1146 3292 aa

117 3301 958 3390 destructionepunissetetpraepositosprocuratoresque
967 3308 1110 3388 supplicio

118 3387 220 3461 capitis
233 3387 392 3451 adiecisset
407 3408 471 3452 eum
483 3391 655 3469 coniugibus
667 3411 702 3454 ac
715 3393 828 3464 liberis;
844 3392 1113 3475 quotquecblarau
1204 3429 1205 3436 ι

116 3483 133 3524 a
152 3466 418 3533 Tarraconensibus
442 3492 458 3532 e
482 3483 583 3534 vetere
605 3477 714 3555 templo
736 3474 817 3537 Iovis
840 3495 978 3539 coronam
998 3493 1112 3539 auream
