2416 3876
101 149 162 210 299
376 158 407 208 c.
430 159 593 210 sunnonn
615 157 828 222 naunoumm

100 334 165 376 mus
176 314 341 393 praefectus
356 315 435 384 urbis
451 315 543 375 iactus
556 324 640 376 sexto
656 315 702 376 die
717 315 886 392 magistratu
901 333 934 374 se
946 314 1106 393 abdicavit,

102 400 246 460 incivilem
269 408 442 477 potestatem
465 417 532 458 esse
555 409 722 460 contestans
745 416 775 459 c.
794 407 860 459 728.
877 405 953 458 729.
970 443 1001 457 ..
1024 398 1105 461 bles·

102 483 162 544 sala
182 483 324 542 Corvinus
340 493 438 543 orator
455 493 520 543 ante
541 482 685 543 biennium
701 500 784 562 qnam
806 491 969 542 moreretur
987 485 1027 543 ita
1045 501 1105 543 me·

99 569 217 628 moriam
231 577 259 627 et
275 585 389 626 sensum
406 567 514 643 amisit,
530 576 559 625 ut
573 569 622 626 vix
635 586 726 646 panca
741 566 831 626 verba
847 567 1056 644 coniungeret,
1075 576 1106 626 et

99 653 134 712 ad
157 661 313 710 extremum
331 651 432 710 ulcere
449 650 503 710 sibi
527 653 603 711 circa
620 669 730 711 sacram
746 651 857 730 spinam
877 659 944 711 nato
959 650 1053 711 inedia
1070 669 1130 716 ses

101 735 228 796 coniecit
247 752 321 795 anno
339 734 441 794 aetatis
458 737 673 814 septuagesimo
690 736 782 795 altero
798 752 828 794 a.
847 743 1018 798 soa—7⁶5.

165 819 199 893 Q.
217 818 349 878 Haterius
367 829 517 897 promptus
533 828 561 878 et
576 820 726 898 popularis
742 827 840 878 orator
855 836 948 896 osque
963 818 999 880 ad
1013 837 1103 880 nona-

99 906 239 981 gesimum
256 918 350 981 prope
368 921 470 962 annum
485 905 514 961 in
529 920 638 963 summo
654 902 766 963 honore
782 904 970 962 consenescit
984 920 1014 964 a.
1033 910 1103 967 778.

163 985 317 1045 Passienus
334 996 417 1064 pater
432 985 612 1046 declamator
627 989 748 1064 insignis
763 986 838 1046 diem
854 985 926 1046 obiit
942 1004 972 1047 a.
988 996 1058 1048 745.

163 1068 317 1129 Passienus
334 1071 408 1129 iulius
424 1069 526 1130 fraude
543 1069 659 1130 heredis
678 1088 747 1130 suae
762 1080 882 1130 necatur
906 1088 936 1130 a.
952 1078 1015 1131 791.
1038 1068 1146 1137 Cri-10

100 1172 180 1232 spus,
194 1155 345 1231 municeps
355 1153 698 1229 Viselliensis,tirocinio
714 1171 766 1214 suo
779 1156 808 1214 in
821 1163 923 1214 senato
935 1156 972 1213 ita
986 1155 1103 1233 coepit:

100 1237 211 1298 Patres
227 1236 397 1314 conscripti
413 1244 441 1296 el
459 1241 491 1297 lu
507 1235 647 1298 Caesar!
662 1247 782 1316 propter
798 1237 876 1316 quod
890 1238 1021 1298 simulata
1038 1255 1104 1297 ora·

100 1322 179 1381 tione
196 1320 365 1398 plenissime
381 1339 396 1380 a
412 1319 529 1380 Tiberio
548 1321 735 1382 conlaudatus
751 1331 803 1381 est.
839 1321 980 1382 Plurimos
996 1330 1106 1400 sponte

102 1421 205 1464 causas
231 1402 306 1482 apud
329 1406 524 1464 centumviros
542 1408 618 1482 egit,
644 1423 698 1485 pro
719 1423 774 1484 qua
795 1423 827 1464 re
847 1407 877 1463 in
891 1405 1013 1465 basilica
1028 1404 1104 1464 Iulia

100 1491 162 1548 eius
184 1496 275 1547 statua
300 1489 395 1566 posita
417 1498 471 1548 est.
500 1487 674 1549 Consulatus
697 1489 769 1548 dnos
787 1491 890 1565 gessit.
919 1490 1036 1550 Uxores
1050 1488 1143 1554 bar-1⁵

99 1572 159 1631 buit
175 1571 261 1648 duas,
281 1573 399 1651 primam
410 1572 577 1649 Domitiam,
595 1572 697 1632 deinde
709 1572 919 1650 Agrippinam,
937 1572 1014 1633 illam
1033 1573 1104 1634 ami·
1202 1641 1207 1664 Ι

100 1667 173 1733 tam,
203 1655 278 1716 hanc
304 1667 423 1717 matrem
446 1656 572 1717 Neronis
594 1655 737 1717 Caesaris.
785 1655 920 1717 Possedit
941 1656 986 1716 bis
1006 1657 1114 1723 milies,

100 1741 271 1799 sestertium.
297 1739 425 1800 Omnium
441 1742 601 1819 principum
619 1744 739 1818 gratiam
753 1740 903 1820 adpetivit,
920 1741 972 1800 sed
988 1743 1103 1819 praeci·

99 1842 156 1903 pua
179 1822 211 1882 C.
232 1822 384 1900 Caesaris,
404 1843 489 1903 quem
509 1827 566 1884 iter
585 1825 739 1885 facientem
761 1833 878 1884 secutus
900 1834 945 1884 est
966 1823 1102 1903 pedibus.

99 1909 152 1968 llic
178 1906 257 1967 nullo
279 1907 412 1969 audiente
433 1926 448 1969 a
470 1908 589 1968 Nerone
612 1908 762 1988 [oportuit
782 1907 867 1988 Caio]
892 1911 1143 1984 interrogatus,2o

99 1992 257 2051 haberetne
283 1995 446 2071 sicutipse
473 2011 535 2052 cum
563 2011 667 2053 sorore
695 2011 832 2071 germana
855 1993 1102 2070 consuetudinem,

99 2073 233 2135 nondum
256 2075 358 2152 inquit,
392 2079 573 2153 quantumvis
594 2076 733 2136 decenter
753 2085 782 2136 et
798 2085 897 2152 caute,
922 2095 960 2136 ne
981 2086 1029 2136 aut
1050 2095 1102 2136 ne-

99 2157 195 2235 gando
213 2175 275 2216 eum
298 2167 434 2235 argueret
454 2169 502 2218 ant
526 2159 714 2219 adsentiendo
737 2169 830 2218 semet
844 2160 994 2221 mendacio
1010 2159 1102 2220 debo-

99 2250 235 2301 nestaret.
273 2240 363 2302 Periit
379 2261 431 2321 per
446 2242 574 2302 fraudem
589 2243 781 2322 Agrippinae,
805 2253 888 2320 quam
902 2243 1039 2304 heredem
1054 2263 1101 2303 re·

99 2325 240 2405 liquerat,
263 2333 292 2385 et
315 2326 416 2386 iunere
433 2326 550 2406 publico
573 2326 665 2386 elatus
683 2335 736 2386 est.
752 2325 881 2387 Scholia
895 2327 940 2386 od
954 2325 1098 2388 Inoencl.
1110 2347 1140 2387 as

101 2419 129 2484 s,
148 2417 195 2470 si.

151 2491 195 2554 ,0.
222 2492 339 2556 Asinius
369 2493 483 2570 Gallus,
517 2495 610 2554 Asinii
630 2493 772 2554 Pollionis
797 2494 887 2572 lilius,
918 2498 1101 2556 cuiuseliam

102 2578 240 2654 Virgilius
255 2579 394 2656 meminit,
411 2578 480 2639 diris
495 2598 511 2640 a
529 2579 647 2640 Tiberio
663 2578 814 2656 suppliciis
829 2588 948 2640 necatur
964 2597 994 2638 o.
1010 2586 1077 2641 767.

165 2660 283 2721 Cassius
306 2665 434 2722 Severus
455 2673 555 2724 orator
576 2664 730 2740 egregius,
759 2663 806 2740 qui
824 2662 1006 2737 Quintianum
1027 2662 1101 2722 illud

100 2745 287 2823 proverbium
296 2746 414 2823 luserat,
432 2750 573 2825 vigesimo
590 2747 688 2824 quinto
705 2745 784 2806 exilii
800 2749 843 2805 sni
858 2764 932 2807 anno
948 2749 975 2805 in
991 2765 1100 2807 summa
1111 2766 1138 2808 ao

102 2830 201 2907 inopia
218 2832 355 2905 moritur,
372 2833 420 2890 vix
436 2850 531 2910 panno
547 2830 674 2890 verenda
692 2839 843 2890 contectus
862 2849 892 2892 a.
912 2837 1083 2892 785-787.

166 2914 308 2973 Votienus
325 2914 476 2975 Montanus
492 2915 691 2976 Narbonensis
709 2922 807 2973 orator
824 2917 852 2974 in
869 2914 1038 2974 balearibus
1058 2915 1100 2984 in-

4 3071 9 3084 ¹
103 2995 174 3056 salis
191 2999 323 3073 moritur,
340 3016 355 3056 a
372 2998 489 3060 'liberio
507 3000 575 3059 illuc
592 2998 740 3074 relegatus
756 3015 786 3056 o.
805 3005 871 3060 789.
888 3006 952 3058 781.

162 3079 304 3140 Domitius
322 3079 396 3140 Aier
414 3082 620 3144 Nemausensis
643 3083 867 3141 clarussoralor
881 3079 1019 3160 habetur,
1052 3082 1101 3160 qui

102 3173 205 3242 postea
225 3163 342 3224 Nerone
361 3176 502 3242 regnante
523 3186 559 3227 en
580 3166 637 3228 cibi
656 3164 827 3226 abundantia
847 3168 876 3225 in
898 3183 988 3226 caena
1012 3169 1137 3226 mori-as

98 3255 144 3305 tur
158 3265 188 3308 c.
207 3255 271 3309 797.
291 3256 355 3309 798.
430 3279 432 3283 ·

166 3345 243 3405 Libri,
260 3348 303 3409 qui
316 3357 368 3397 erat
381 3349 419 3398 de
439 3348 561 3410 Poetis,
574 3351 600 3400 in
614 3353 744 3415 prooemio
758 3352 766 3402 l
802 3354 904 3418 ipotuit
913 3351 976 3404 hoc:

160 3411 269 3470 Poetae
284 3413 359 3472 unde
375 3417 430 3474 sint
445 3415 529 3494 dicti,
545 3418 588 3476 sic
606 3421 645 3476 ait
659 3417 785 3498 'lranqui
799 3420 853 3480 lus.
891 3419 960 3480 Cum
976 3422 1100 3499 primum
