2412 3876
196 185 218 236 c
528 187 736 243 PRAEFATIO.

194 353 228 408 31
251 349 389 402 maximus
407 337 412 426 Ι
429 348 485 419 filio
508 353 641 420 parentes
661 353 774 418 coenato
793 338 800 426 Ι
818 352 853 406 32
879 353 905 402 et
923 349 1059 405 ludricmn

195 437 229 492 33
242 431 376 486 ludrieum
393 431 468 502 quod

256 519 329 586 316,Ι
345 520 360 572 1
387 516 500 570 alterius
519 519 549 570 nt
569 515 663 570 melico
683 519 712 568 at
730 528 826 570 casnm
845 516 977 570 miserari
991 521 1094 572 tantum

195 597 325 670 affectum
339 599 451 654 insontis
464 599 583 654 amicitia
602 593 607 669 Ι
625 596 770 674 mutilati
780 613 880 653 vorsus
891 599 976 669 virg.
992 599 1096 671 (istorg¹

196 688 219 744 1,
235 685 287 740 466
301 685 329 735 ct
343 685 377 739 41
402 679 408 750 Ι
431 689 448 742 3
462 697 532 753 opus
544 683 570 736 si
581 683 668 754 ipsius
686 673 692 758 Ι
711 688 727 740 3
745 679 844 752 futura
854 677 992 754 prospicit
1005 683 1096 739 Isido-

81 809 83 814 .
196 765 280 820 dorus
300 765 416 822 Arevali
440 762 445 842 Ι
471 745 505 824 12
523 779 609 837 opera
635 757 640 842 Ι
665 771 697 824 15
711 765 806 819 alterio
830 755 837 844 Ι
863 771 895 826 19
910 768 1068 836 quantitatis
1090 759 1095 845 Ι

194 854 227 908 21
244 847 378 904 hominem
392 849 500 920 quidem
518 843 523 926 Ι
542 853 577 909 23
598 850 685 904 noctis
702 853 733 904 ut
747 849 866 904 interdiu
880 849 934 904 diei
948 849 1070 906 Bondam
1089 854 1115 916 Ι

193 937 227 991 23
252 935 371 988 omnium
394 935 521 988 noticiam
540 925 545 1010 Ι
563 939 598 992 26
622 933 721 1004 aliquis
738 934 789 987 soit
806 925 811 1008 Ι
830 939 864 993 20
877 917 1016 1005 'Nestorius
1040 939 1067 988 et
1089 926 1096 1010 Ι

192 1019 227 1076 34
248 1021 275 1070 et
292 1017 362 1072 oiioa
381 1021 408 1072 et
428 1018 509 1072 otium
529 1022 556 1072 et
574 1014 645 1072 oot’a
670 1007 859 1094 fructus135
881 1018 1004 1072 oiioctum
1024 1018 1097 1072 unde
1200 1007 1202 1044 Ι

191 1098 289 1154 atinum
305 1091 435 1171 liquorem
447 1101 589 1174 appeliant
597 1105 628 1154 ut
641 1105 820 1172 querquetum
828 1105 984 1173 prynemn.
1001 1115 1095 1156 oerum
1200 1129 1202 1154 Ι

254 1187 322 1252 317,
354 1189 371 1242 3
398 1188 478 1240 ovato
503 1191 552 1240 aut
572 1198 658 1254 super
677 1198 793 1256 aequum
819 1177 824 1262 Ι
849 1189 865 1244 7
895 1200 978 1257 quam
1000 1187 1057 1240 oris
1088 1177 1093 1262 Ι

191 1273 209 1326 8
231 1270 369 1339 precatur
389 1273 437 1322 ant
454 1260 459 1346 Ι
485 1273 518 1326 14
536 1265 629 1344 oculi}
649 1275 682 1328 15
700 1269 835 1324 interdum
855 1267 982 1323 tenebrae
999 1284 1059 1324 nox
1088 1274 1094 1336 Ι

192 1357 226 1410 16
240 1349 402 1422 corporibus
415 1352 444 1406 in
458 1353 533 1408 caeto
545 1355 711 1424 conspicitur
723 1363 753 1407 ut
767 1359 883 1408 comeete
901 1343 908 1430 Ι
927 1357 959 1412 17
977 1354 1094 1424 capnitu.

192 1435 314 1490 tortasse
325 1434 434 1490 modum
446 1442 565 1491 acturae
580 1438 704 1508 capnitae
721 1429 727 1512 Ι
746 1437 885 1509 egreditur
901 1449 1017 1507 serpens
1032 1451 1095 1491 cum

187 1516 304 1588 pedibus
325 1523 372 1573 cat
391 1533 452 1574 cum
471 1512 476 1594 Ι
495 1525 530 1580 23
549 1535 671 1592 peccora
698 1518 743 1575 bis
762 1513 767 1596 Ι
792 1526 826 1580 29
848 1535 916 1575 oasa
942 1518 1021 1577 Hand
1041 1535 1094 1591 pro

191 1601 288 1656 bacha.
331 1601 389 1656 Alii
409 1602 475 1659 libri
498 1619 585 1676 onya,
604 1619 705 1668 occua,
727 1605 804 1676 oirpa
820 1604 924 1661 habent
941 1595 947 1680 Ι
965 1609 1000 1662 30
1014 1619 1090 1657 oma-

190 1687 243 1740 teta
263 1678 267 1762 Ι
286 1691 320 1746 35
334 1685 459 1741 dommus
471 1689 609 1759 proprius
629 1692 670 1742 est
690 1687 765 1742 tonos
784 1679 790 1766 Ι
806 1693 840 1748 37
854 1689 988 1758 spicatnr.

249 1775 316 1839 315,
334 1775 351 1826 2
372 1770 470 1826 damae
491 1773 534 1825 rei
547 1772 685 1843 prospicit
703 1771 818 1842 forami
841 1772 975 1842 spicatum
1018 1769 1092 1825 Pro-

189 1853 292 1909 itiherct
310 1850 314 1928 Ι
333 1859 350 1911 4
359 1869 449 1925 porro
465 1853 558 1910 iubere
577 1846 582 1933 Ι
600 1861 618 1914 3
633 1855 754 1911 fortasse
768 1855 910 1910 obesorum
923 1853 1062 1908 itominam
1087 1844 1092 1931 Ι

189 1945 223 1994 12
243 1944 269 1992 et
292 1939 386 2009 repete
404 1931 409 2014 Ι
429 1943 463 1996 14
485 1940 665 2009 relinquimur
683 1931 689 2015 Ι
708 1943 742 1996 16
767 1939 880 1993 dicimus
898 1937 958 1993 oica
979 1934 1093 2008 fructus

188 2026 229 2075 est
242 2022 311 2077 olioa
327 2020 412 2075 arbor
427 2022 567 2076 multitado
582 2021 680 2076 dicitnr
695 2022 817 2090 relictos,
835 2021 887 2076 cfr.
903 2038 929 2093 p.
946 2025 1016 2090 316,
1032 2025 1068 2080 34
1085 2013 1090 2098 Ι

188 2109 222 2163 15
239 2103 396 2160 Reaatmm
416 2111 442 2159 a
457 2099 617 2162 Reatataam
641 2104 707 2160 olim
730 2103 782 2159 ruis
800 2096 806 2183 Ι
824 2122 841 2161 a
861 2106 945 2159 terens
964 2098 969 2176 Ι
987 2110 1022 2161 eo
1044 2103 1090 2158 oe-

186 2185 297 2257 fructis.
317 2187 480 2244 Addendum
488 2193 614 2260 paratur
632 2179 637 2266 Ι
656 2193 794 2249 atseruns
808 2195 834 2243 et
848 2190 944 2260 iasper
962 2180 968 2266 Ι
987 2192 1020 2246 29
1031 2200 1091 2242 sce-

188 2270 293 2326 leratus
306 2275 395 2325 autem
411 2276 452 2326 est
463 2286 513 2327 suo
531 2264 538 2351 Ι
561 2278 594 2332 31
611 2271 723 2344 infamis
738 2276 828 2328 autem
844 2285 962 2326 scernm.

252 2360 317 2424 319,
334 2362 349 2412 1
365 2354 527 2410 dissimilare
545 2355 551 2434 Ι
570 2355 760 2411 dissimitomus
778 2348 784 2432 Ι
802 2341 981 2416 ΙοηιΙιονεῇῐ
998 2347 1003 2432 Ι
1021 2360 1093 2413 sest

187 2453 218 2494 co
235 2430 330 2515 quod}
350 2442 384 2495 14
397 2440 441 2494 ine
459 2441 556 2494 ceteris
575 2433 579 2517 Ι
599 2447 631 2499 15
646 2440 766 2511 inopiam
781 2440 926 2494 multorum
942 2438 972 2492 id
989 2430 994 2514 Ι
1014 2443 1047 2498 16
1062 2440 1091 2492 in

186 2536 283 2578 sensus
301 2513 306 2599 Ι
327 2528 363 2582 19,
375 2521 557 2578 substractum
581 2515 586 2601 Ι
609 2525 749 2578 immineat
766 2513 771 2600 Ι
790 2528 825 2581 20
843 2523 932 2578 simitu
950 2521 1090 2578 Asovnlus
1201 2517 1202 2526 ’

187 2621 238 2678 pro
255 2604 389 2660 similitum
409 2599 414 2682 Ι
433 2611 466 2664 21
483 2607 619 2662 similitum
634 2607 687 2662 ioci
704 2599 709 2682 Ι
728 2611 762 2663 22
777 2610 917 2678 tamquam
930 2605 1066 2661 similitum
1082 2597 1088 2680 Ι

186 2694 221 2747 24
233 2693 399 2744 monstrator
410 2692 551 2760 sanquinis
569 2683 574 2766 Ι
593 2695 626 2750 25
637 2690 766 2761 quiquod
777 2690 840 2744 dicit
856 2681 862 2768 Ι
881 2695 915 2749 29
925 2690 1067 2744 uoluntatis
1083 2689 1088 2754 Ι

187 2778 221 2832 30
234 2777 345 2844 terpora
358 2799 393 2812 -
406 2771 519 2827 nominis
540 2773 639 2829 absunt
654 2774 688 2829 ab
706 2774 868 2845 apographo
887 2771 1065 2830 Dtihneriano
1082 2761 1088 2848 Ι

187 2862 220 2915 31
236 2861 262 2910 et
274 2861 352 2926 terpa
369 2857 495 2910 animalis
513 2849 518 2934 Ι
537 2863 572 2917 33
584 2856 652 2912 Tum
669 2861 696 2910 et
705 2862 760 2914 tur.
778 2863 834 2911 tum
847 2857 951 2912 ordinis
964 2851 1053 2928 sipr'tif
1060 2849 1088 2910 ἲ

186 2940 315 3010 temporis
334 2932 338 3016 Ι
357 2943 390 2998 37
406 2957 424 2994 a
438 2937 483 2994 nb'
497 2941 655 3010 accipimus.
839 3007 842 3012 Ι

249 3027 317 3092 320,
332 3027 349 3082 6
364 3023 447 3078 aedes
463 3025 510 3095 qui
524 3037 574 3078 aas
588 3026 677 3094 ipsum
689 3030 736 3080 aut
749 3026 817 3079 oiint
834 3016 839 3101 Ι
857 3023 1007 3094 epraeacs
1021 3025 1069 3094 qui
1081 3015 1086 3100 Ι

178 3108 327 3180 praesenti
339 3106 376 3162 <iu
391 3113 416 3160 et
428 3106 497 3162 idem
514 3107 563 3162 aiot
579 3107 583 3178 Ι
604 3113 637 3164 12
654 3108 774 3164 umidum
788 3112 903 3179 ponitur
917 3106 1049 3178 infectum
1063 3113 1089 3160 et

183 3192 323 3246 madidam
343 3183 348 3266 Ι
368 3196 401 3249 13
424 3207 441 3244 a
466 3190 582 3246 medinm
601 3183 606 3268 Ι
626 3197 659 3250 17
686 3192 733 3248 Vis
755 3193 827 3249 uires
845 3182 850 3269 Ι
869 3197 901 3250 21
925 3189 1044 3246 Verecor
1063 3196 1088 3244 et

183 3290 328 3334 reuerecor
350 3273 394 3328 bis
413 3269 419 3349 Ι
437 3278 472 3332 23
488 3275 576 3346 playa
595 3267 600 3353 Ι
617 3277 685 3331 exiit
702 3274 706 3346 Ι
726 3281 759 3335 23
773 3276 861 3348 pinpo
879 3267 884 3352 Ι
903 3279 936 3333 27
957 3271 1087 3344 Volupta-

183 3365 235 3414 tem
254 3365 281 3414 et
296 3358 477 3428 oolupitatem.
499 3358 630 3414 volumtas
646 3351 654 3437 Ι
672 3365 707 3418 30
723 3359 795 3431 quod
814 3357 955 3415 virtutibus
973 3357 1059 3412 modis
1079 3348 1086 3432 Ι

181 3447 215 3504 32
229 3444 366 3516 deffertur.

1197 2131 1202 2318 t
