2438 3872
479 237 765 285 vrruuurus.
1053 227 1116 290 217

116 392 217 468 tenuit,
235 391 306 452 Gaio
324 409 377 470 per
393 391 555 468 aurigandi,
578 390 698 452 Claudio
718 410 771 470 per
792 392 875 452 aleae
895 393 1016 454 studium
1035 395 1116 454 lauri-

117 478 209 552 liaris,
227 475 280 535 sed
299 475 443 554 aliquanto
465 474 576 536 Neroni
598 477 762 554 acceptior,
790 493 854 536 cum
873 487 995 558 propter
1015 478 1117 540 eadem

117 562 201 640 baec,
217 569 274 618 tum
289 559 430 638 peculiari
446 561 564 637 merito,
582 558 659 638 quod
674 558 844 637 praesidens
860 564 1008 622 certamini
1022 561 1115 623 Nero·

117 663 190 720 neo,
212 643 375 722 cupientem
392 645 468 703 iuter
491 643 677 704 citharoedos
697 643 889 722 contendere,
910 663 965 705 uec
985 649 1116 724 quamvis

90 726 313 806 allagitautibus
331 729 443 788 cunctis
464 728 634 807 promittere
651 728 802 798 audentem
820 727 945 809 ideoque
963 747 1115 807 egressum

115 813 230 874 theatro
243 821 446 888 revocaverat,
458 813 539 890 quasi
552 813 769 890 perseverantis
781 812 882 890 populi
893 812 1041 890 legatione
1053 832 1114 872 sus-

117 905 214 976 cepta,
231 895 464 975 exorandumque
477 894 660 974 praebuerat.

179 979 276 1046 Trium
292 981 388 1058 itaque
404 980 564 1059 principum
579 977 755 1056 indulgentia
771 997 827 1040 non
848 981 940 1041 solum
957 981 1115 1042 honoribus
1131 992 1151 1042 5

115 1082 217 1125 verum
234 1073 263 1122 et
277 1062 449 1123 sacerdotiis
463 1063 646 1141 amplissimis
660 1070 770 1138 auctus,
789 1065 1024 1143 proconsulatum
1038 1066 1114 1126 Airi-

76 1166 172 1209 socae
195 1156 263 1226 post
283 1147 357 1208 baec
377 1165 532 1225 curamque
553 1165 674 1226 operum
695 1146 877 1225 publicorum
897 1149 1115 1227 administravit,

116 1242 148 1293 et
158 1231 306 1292 voluntate
318 1231 427 1310 dispari
443 1239 472 1290 et
481 1232 704 1291 existimatione.
730 1230 763 1289 ln
779 1233 927 1312 provincia
940 1233 1115 1310 singularem

115 1315 311 1376 innocentiam
322 1317 465 1393 praestitit
478 1313 595 1374 biennio
607 1317 788 1391 continuato,
803 1333 865 1376 cum
877 1317 1045 1377 succedenti
1058 1318 1115 1378 ira·

115 1401 154 1461 tri
164 1399 280 1476 legatus
292 1398 483 1468 substitissem
498 1407 527 1458 at
542 1399 571 1458 in
590 1397 699 1459 urbano
717 1399 815 1460 officio
837 1399 913 1461 dona
932 1411 1019 1480 atque
1032 1419 1115 1462 orna·

55 1490 58 1492 ’
115 1493 213 1542 menta
221 1483 395 1561 templorum
407 1481 587 1561 subripuisse
602 1491 632 1541 et
645 1493 836 1544 commutasse
848 1483 988 1561 quaedam
998 1483 1114 1545 fereba-

77 1577 178 1643 sntur,
197 1583 309 1646 proque
325 1584 395 1626 auro
414 1575 442 1626 et
462 1576 582 1642 argento
602 1574 731 1626 stannum
750 1575 778 1625 et
796 1567 990 1628 aurichalcum
1007 1585 1115 1648 suppo-

116 1668 223 1711 sursse.
676 1704 688 1721 ,

182 1734 312 1796 Uxorem
325 1732 423 1792 babuit
434 1733 600 1794 Petroniam
618 1734 779 1794 consularis
795 1735 848 1794 viri
860 1735 964 1812 liliam,
984 1745 1013 1796 et
1029 1753 1067 1796 ex
1081 1741 1150 1796 ead

116 1819 206 1880 lilium
224 1817 425 1877 Petronianum
449 1827 563 1896 captum
580 1818 672 1878 altero
694 1818 791 1878 oculo.
827 1817 914 1888 ,Hunc
937 1819 1076 1880 heredem
1099 1839 1116 1881 a

116 1911 210 1963 matre
223 1899 276 1960 sub
293 1899 465 1960 condicione
476 1903 648 1978 institutum,
671 1902 748 1961 side
768 1911 915 1980 potestate
933 1905 1022 1981 patris
1039 1905 1116 1964 exis·

75 2006 107 2048 ro
118 1995 176 2064 set,
188 2003 271 2045 manu
283 1985 377 2054 emisit
387 1983 540 2063 brevique,
556 1995 586 2045 ut
598 1986 736 2045 creditum
746 1995 806 2063 est,
822 1988 981 2064 interemit,
1001 1989 1116 2046 insimu-

116 2072 207 2132 latum
223 2070 342 2148 insuper
361 2068 507 2148 parricidii
523 2078 552 2129 ct
567 2071 648 2148 quasi
664 2079 792 2148 paratum
805 2069 841 2130 ad
859 2071 955 2132 scelus
975 2090 1116 2132 venenum

118 2173 159 2216 ex
180 2153 360 2214 couscientia
379 2151 533 2214 hausisset.
576 2153 664 2213 Duxit
691 2171 760 2214 mox
786 2153 930 2216 Galeriam
950 2153 1116 2216 Fundanam

13 2288 36 2316 a
117 2237 268 2319 praetorio
288 2244 388 2315 patre,
412 2255 448 2296 ac
465 2237 501 2296 de
521 2237 576 2297 hac
596 2255 713 2318 quoque
734 2238 845 2298 liberos
860 2241 1008 2317 utriusque
1026 2258 1117 2299 sexus

117 2321 199 2397 tulit,
215 2320 268 2380 sed
282 2338 390 2380 marem
407 2321 555 2381 titubantia
571 2323 630 2380 oris
646 2341 740 2401 prope
755 2331 861 2382 mutum
875 2332 904 2383 et
922 2323 1077 2400 elinguem.

77 2425 108 2466 aa
182 2405 210 2465 A
224 2403 315 2465 Galba
330 2406 358 2463 in
373 2403 541 2476 inferiorem
558 2405 737 2467 Germaniam
754 2417 854 2467 contra
869 2408 1034 2487 opinionem
1048 2409 1114 2466 mis·
1129 2418 1146 2474 7

118 2508 170 2550 sus
186 2498 240 2548 est.
270 2487 405 2548 Adiutum
421 2497 521 2567 putant
537 2489 569 2548 Τ.
585 2491 651 2549 Vini
668 2491 823 2567 suffragio,
840 2501 907 2550 tuuc
922 2493 1115 2569 potentissimi

119 2582 150 2635 et
167 2575 211 2634 cui
226 2575 282 2632 iam
300 2572 411 2650 pridem
431 2591 484 2651 per
500 2591 678 2633 communem
689 2573 974 2634 lectionisVenetae
982 2575 1116 2634 favorem

119 2657 292 2718 conciliatus
309 2665 405 2726 esset;
421 2658 476 2715 uisi
492 2656 568 2734 quod
585 2655 677 2718 Galba
691 2675 762 2735 prae
775 2674 808 2715 se
820 2657 900 2734 tulit,
914 2657 1010 2718 nullos
1022 2659 1117 2717 minus

118 2740 291 2800 metuendos
306 2758 390 2819 quam
407 2743 455 2818 qui
470 2740 507 2799 de
523 2741 589 2801 solo
605 2742 682 2800 victu
698 2741 871 2818 cogitarent,
888 2759 923 2801 ac
940 2759 1031 2820 posse
1047 2758 1117 2820 pro·

81 2823 291 2884 maincialibus
309 2825 403 2902 copiis
422 2825 592 2902 profundam
614 2823 711 2901 gulam
734 2825 795 2884 eius
819 2825 949 2904 expleri,
973 2835 1002 2884 ut
1024 2828 1117 2886 cuivis

120 2908 240 2969 evidens
262 2910 298 2968 sit
321 2916 487 2986 contemptu
508 2909 601 2984 magis
621 2927 705 2986 quam
733 2910 826 2985 gratia
853 2908 988 2969 electum.
1024 2910 1118 2976 ,Satis

121 3001 244 3069 constat,
262 2993 375 3052 exituro
391 2993 525 3052 viaticum
540 2992 679 3068 defuisse,
695 3000 772 3052 tanta
789 3003 921 3069 egestate
935 2995 979 3054 rei
996 2993 1116 3054 familia·

119 3076 178 3153 ris,
195 3085 225 3136 ut
239 3093 331 3136 uxore
347 3085 376 3134 et
390 3075 508 3153 liberis,
528 3093 601 3154 quos
616 3077 726 3136 Rornae
746 3076 944 3155 relinquebat,
965 3076 1115 3138 meritorio

87 3161 282 3242 acggnaculo
297 3159 415 3237 abditis,
437 3160 551 3220 domum
566 3162 593 3218 in
614 3160 755 3238 reliquam
776 3171 887 3239 partem
909 3163 975 3221 anni
997 3159 1116 3220 abloca-

83 3255 175 3321 aeret,
192 3254 278 3324 utque'
295 3263 333 3305 ex
349 3263 418 3304 aure
432 3245 531 3306 matris
546 3244 705 3304 detractum
721 3249 854 3304 unionem
869 3245 1068 3324 pigneraverit
1079 3242 1116 3302 ad

119 3329 231 3390 itineris
244 3330 402 3409 impensas.
434 3327 614 3389 Creditorum
632 3327 746 3407 quidem
761 3329 997 3406 praestolantium
1015 3346 1050 3387 ac
1066 3326 1118 3387 de-

120 3413 268 3474 tinentium
282 3413 395 3474 turbam
411 3421 440 3472 et
461 3414 489 3472 in
509 3413 544 3472 iis
569 3413 762 3472 Sinuessanos
777 3411 1022 3492 Formianosque,
1045 3427 1116 3490 quo·

119 3497 314 3579 ruropublica
333 3497 491 3574 vectigalia
513 3497 733 3574 interverterat,
764 3497 879 3556 nonnisi
900 3505 1014 3557 terrore
1038 3494 1117 3555 calu·
