2444 3872
95 210 155 272 140
185 219 215 268 c.
229 219 378 268 suranoru
392 220 519 280 rasum
535 219 583 268 mr
598 221 680 270 v1us
699 221 881 270 οιιιειιιιιιι
898 223 967 272 nm.
981 223 1047 272 mr.

93 374 179 435 mimo
197 373 443 452 praetermodum
462 375 665 453 intemperans.
707 375 843 454 Repetita
863 393 965 453 ecqua,
986 395 1092 440 renuu-

94 458 189 518 tiautis
213 465 345 517 coactum
362 475 466 535 agmen
491 459 566 518 sieut
586 465 668 518 eraut
689 457 826 519 loricatos
851 458 887 520 ad
910 459 1091 520 discumben-

95 541 159 602 dum
173 539 339 601 adhortatus
360 549 414 600 est.
457 541 567 603 biouuit
588 542 673 601 etiam
698 543 847 604 notissimo
869 542 976 619 Virgili
993 562 1091 622 versu,

95 625 246 686 durarent
259 624 462 703 secundisque
476 643 511 686 se
524 624 619 686 rebus
633 632 804 686 serccrent.

155 709 253 787 Atque
274 709 348 768 inter
364 707 436 769 haec
457 708 605 770 absentem
625 717 754 770 senatum
767 709 963 789 populumque
978 713 1116 788 gravis-s

95 794 167 854 simo
190 792 353 869 obiurgauit
372 792 483 869 edicto,
506 792 583 871 quod
605 789 744 854 Caesare
756 792 932 872 proeliante
950 802 980 856 et
997 795 1093 858 tantis

96 875 324 938 discriminibus
350 874 485 952 obiecto,
513 877 693 955 tempestiua?
723 877 883 955 conuicia,
918 877 1034 940 circum
1063 885 1094 940 et

51 960 217 1024 sothectra
232 966 418 1022 etamoenos
433 977 573 1022 secessus
591 959 790 1022 celebrarent.
834 960 987 1022 Postremo
1009 964 1093 1041 quasi

95 1052 312 1124 perpetraturus
331 1043 454 1120 bellurn,
476 1043 586 1104 directa
611 1045 674 1103 acie
690 1047 718 1104 in
734 1044 821 1104 litore
835 1043 944 1106 Oceani
960 1063 995 1108 ae
1009 1047 1091 1108 batti-

95 1129 147 1188 stis
161 1127 357 1206 machinisque
372 1126 534 1205 dispositis,
557 1129 670 1187 nemine
684 1137 776 1204 gnaro
793 1137 841 1189 aut
856 1128 992 1208 opinante
1011 1129 1090 1208 quid·
1100 1146 1129 1188 rs

94 1227 159 1270 nam
173 1219 329 1288 coepturus
352 1219 449 1286 esset,
482 1219 603 1288 repente
624 1219 653 1268 ut
673 1210 800 1271 conchas
821 1211 956 1289 legerent
975 1213 1092 1290 galeas·

95 1311 152 1373 que
175 1302 204 1351 et
233 1294 311 1352 sinus
340 1292 490 1372 replerent
517 1295 684 1371 imperauit,
717 1293 820 1372 spolia
843 1293 961 1356 Oceani
981 1314 1092 1358 vocaus

95 1375 250 1454 Capitolio
266 1375 449 1454 Palatioque
463 1374 583 1453 debita,
613 1385 642 1436 et
656 1379 685 1436 iu
699 1378 834 1438 iudicium
850 1381 991 1440 uictoriae
1012 1381 1091 1440 altis-

94 1461 192 1520 simam
206 1467 312 1520 turrem
328 1460 480 1538 excitauit,
503 1478 542 1521 en
559 1478 614 1538 qua
629 1469 660 1520 ut
674 1460 767 1522 Pharo
784 1462 918 1523 noctibus
936 1463 972 1523 ad
986 1481 1091 1540 regen·
1158 1471 1161 1476 '

93 1545 280 1605 dos'navium
302 1561 402 1604 cursus
428 1545 513 1622 ignes
538 1546 694 1605 emicarent
701 1568 709 1616 ;
743 1549 983 1625 pronuntiatoque
1010 1547 1093 1607 militi
1103 1555 1129 1598 ¹⁵

93 1628 228 1688 donativo
259 1629 388 1688 centenis
416 1629 520 1687 viritim
543 1627 684 1706 denariis,
708 1630 789 1707 quasi
817 1647 900 1691 omne
928 1630 1094 1709 exemplum

93 1710 276 1772 liberalitatis
293 1729 502 1790 supergressus
523 1709 630 1788 notre,
651 1713 757 1791 inquit,
779 1713 869 1790 laeti,
899 1713 983 1776 abite
1006 1713 1092 1776 touc-

116 1795 208 1856 letes!

1 1813 113 1944 47ρ
159 1877 323 1940 Conversus
344 1878 411 1939 hinc
425 1879 461 1940 ad
482 1897 578 1940 euram
598 1878 746 1959 triumphi,
769 1868 887 1958 praeter
907 1881 1041 1960 captivos
1058 1900 1094 1943 ae

92 1963 257 2040 transfugas
278 1961 419 2024 barbaros
433 1961 587 2023 Galliarum
601 1980 717 2061 quoque
742 1964 977 2041 procerissimum
994 1983 1092 2044 quem·
1081 1978 1129 2021 -ea

94 2063 151 2124 que
178 2055 207 2105 et
234 2047 302 2124 (ut'
295 2045 504 2125 rpscdicebut)
528 2035 848 2146 ἄξιιιθριάμβευτον,
880 2065 914 2109 ae
936 2048 1094 2110 nonnullos

94 2149 132 2189 ex
148 2127 326 2206 principibus
338 2128 411 2206 legit
427 2148 461 2190 ac
481 2131 612 2228 seposuit
632 2130 667 2191 ad
687 2146 838 2210 pompam,
861 2133 1018 2210 coegitque
1034 2149 1094 2194 uon

1 2214 2 2219 ’
92 2220 199 2272 tuntum
228 2211 344 2272 rutilare
374 2221 404 2271 et
430 2215 606 2274 summittere
635 2231 762 2290 comam,
796 2213 848 2276 sed
875 2223 904 2275 et
929 2232 1094 2276 sermonem

94 2295 291 2356 Germanicum
309 2294 460 2357 addiscere
475 2305 503 2356 et
519 2298 633 2357 nomina
647 2297 799 2358 barbarica
814 2297 901 2358 ferre.
938 2297 1095 2379 Praecepit

95 2379 178 2438 etiarn
193 2379 332 2455 triremis,
354 2379 456 2457 quibus
478 2381 627 2440 introierat
647 2379 808 2458 Oceanum,
830 2399 934 2458 magna
956 2392 1129 2462 expertem

92 2463 195 2522 itinere
217 2463 348 2522 terrestri
368 2463 490 2524 Romam
510 2463 622 2523 devehi.
655 2465 778 2544 Scripsit
798 2473 829 2524 et
842 2465 1092 2545 procuratoribus,

92 2545 264 2624 triumphum
292 2557 467 2626 appararent
491 2565 573 2627 quarn
597 2549 709 2608 minima
736 2566 859 2623 summa,
892 2547 944 2608 sed
971 2559 1094 2628 quantus

93 2648 243 2707 uumquum
267 2630 339 2690 alius
366 2631 484 2708 luisset,
510 2630 634 2710 quando.
649 2633 677 2690 in
701 2633 825 2692 omnium
846 2631 990 2692 hominum
1015 2630 1093 2694 bona

92 2715 136 2772 ius
150 2712 299 2773 habereut.

50 2807 85 2862 as
156 2794 237 2855 Prius
252 2813 337 2876 quam
355 2799 504 2877 provincia
518 2797 690 2876 decederet,
708 2799 859 2860 consilium
873 2799 934 2860 iniit
949 2799 1092 2860 netandae
1103 2817 1129 2860 so

93 2879 268 2956 atrocitatis,
290 2879 440 2960 legiones,
464 2900 537 2960 quae
560 2891 628 2961 post
652 2900 805 2942 excessum
828 2882 953 2960 Augusti
975 2883 1093 2944 seditio·

92 2979 157 3020 nem
178 2962 246 3022 olim
266 2974 433 3042 moverant,
463 2964 693 3042 contrucidandi,
724 2965 801 3044 quod
823 2974 852 3026 et
877 2974 990 3044 patrem
1011 2985 1094 3028 suum

93 3045 290 3106 Germanicum
308 3046 410 3108 ducem
425 3057 455 3107 et
470 3067 502 3108 se
519 3048 655 3110 infantem
672 3056 739 3109 tune
760 3048 961 3124 obsedissent,
985 3051 1093 3129 uixque

92 3137 179 3188 atum
200 3132 354 3208 praecipiti
371 3132 548 3209 cogitatione
563 3139 731 3222 revocatus,
762 3131 885 3192 inhiberi
909 3094 988 3194 nulio
1003 3133 1093 3194 modo

92 3213 184 3290 potuit
207 3214 274 3311 quin
297 3213 444 3276 decimare
471 3215 550 3275 velle
579 3223 794 3297 perseveraret.
838 3216 966 3276 Vocatus
994 3217 1128 3295 itaquess

92 3293 128 3353 ad
144 3296 314 3357 concionem
329 3300 454 3357 inermes
462 3306 578 3375 ,atque
601 3300 686 3358 etiam
704 3297 810 3375 gladiis
830 3298 987 3378 depositis,
1010 3301 1090 3377 equi·

1 3449 2 3454 γ
92 3384 149 3436 tatu
162 3388 268 3440 armato
281 3379 476 3442 circumdedit.
521 3377 580 3439 Sed
603 3398 665 3440 curn
687 3380 799 3441 videret
819 3390 956 3460 suspecta
978 3400 1011 3441 re
1029 3382 1090 3460 ple·

1 3523 2 3526 ¹
91 3475 201 3538 rosque
222 3461 309 3523 dilabi
325 3462 361 3523 ad
379 3461 549 3524 resumenda
566 3464 660 3542 siqua
677 3465 720 3524 vis
736 3455 819 3524 deret
840 3482 934 3542 arma,
961 3465 1093 3544 profugit
