2412 3876
454 224 561 272 mvos
583 223 774 274 supparos.
1071 213 1112 274 55

1 440 2 443 ,
97 383 225 462 quisque
242 380 364 442 animum
379 377 542 439 intenderet
564 397 599 441 ac
616 381 640 440 si
657 380 832 441 censendum
852 381 944 460 magis
962 397 1046 461 quam
1062 379 1111 441 ad·

97 464 282 526 sentiendum
299 472 388 524 esset

161 550 274 609 Auctor
296 557 325 608 et
350 548 470 608 aliarum
487 565 583 606 rerum
604 547 673 625 luit,
699 549 728 606 in
747 550 826 628 quis:
851 567 888 609 ne
911 555 976 610 acta
993 555 1154 611 senatusttd

96 627 333 732 publicarentur,
360 649 398 691 ue
423 632 608 709 magistratus
635 631 770 710 deposito
806 632 918 693 honore
952 633 1046 692 statim
1081 633 1111 691 in

72 717 269 798 cprovinclas
290 716 487 794 mitterentur,
508 723 538 775 ut
559 715 784 795 proconsulibus
805 717 842 777 ad
856 717 949 777 mulos
971 724 1001 775 et
1014 715 1109 776 taber·

96 801 203 862 nacula
225 817 300 880 quae
318 799 435 879 publice
453 799 545 860 locari
561 797 697 860 solebant
718 808 798 861 certa
812 803 937 881 pecunia
954 801 1109 860 constitue·

0 920 1 967 ,
96 894 197 962 retur,
220 892 250 944 ut
272 901 340 944 eura
362 885 456 943 aerari
481 882 719 962 aquaestcribus
745 883 861 944 urbanis
887 885 922 945 ad
944 885 1109 964 praetorios

97 978 292 1048 praetoresve
308 968 460 1043 transiret,
488 976 518 1027 nt
534 967 770 1028 centumuiralem
785 968 896 1030 hastam
919 986 1004 1048 quam
1020 985 1108 1046 quae·

96 1062 206 1114 sturam
220 1052 310 1113 functi
327 1060 502 1112 consuerant
512 1067 623 1129 cogere
637 1050 796 1113 decemviri
811 1061 963 1131 cogerent.
985 1053 1109 1131 Quoque
1117 1065 1152 1121 37

58 1135 200 1216 roplures
220 1145 334 1216 partem
355 1135 596 1197 administrandae
618 1137 661 1195 rei
684 1153 712 1214 p.
739 1147 896 1216 caperent,
918 1155 995 1198 nova
1012 1136 1108 1196 cilicia

96 1221 292 1298 excogitavit:
323 1238 420 1281 euram
442 1235 562 1299 operum
583 1218 783 1299 publicorum,
804 1223 931 1299 viarum,
959 1239 1107 1300 aquarum,

94 1305 175 1366 aluei
192 1303 318 1383 liberis,
335 1304 470 1364 immenti
485 1303 597 1386 populo
613 1303 769 1382 dividundi,
786 1305 1001 1385 praefecturam
1016 1305 1108 1382 urhis,

93 1389 304 1450 triumuiratum
318 1387 436 1466 legendi
452 1395 586 1466 senatus,
606 1396 636 1449 et
658 1389 779 1449 alterum
794 1389 1030 1468 recognoscendi
1050 1399 1107 1448 tur-

2 1494 3 1497 *
93 1489 158 1533 mas
176 1473 319 1552 equitnm,
338 1474 532 1552 quotiensque
548 1490 623 1552 opus
645 1482 733 1533 esset.
772 1471 920 1534 Censores
942 1474 1038 1533 creari
1058 1472 1106 1533 de·

56 1559 171 1618 sasitos
192 1557 285 1634 longo
309 1557 463 1618 intervallo
486 1560 605 1617 creavit.
646 1556 803 1616 Numerum
824 1565 991 1637 praetorum
1017 1559 1106 1617 auxit.
1165 1577 1167 1588 ·

93 1641 206 1719 Exegit
223 1642 325 1718 etiam,
344 1648 373 1700 ut
390 1643 523 1720 quotiens
541 1640 708 1701 consulatus
724 1641 779 1700 sibi
795 1641 928 1718 daretur,
952 1641 1036 1701 binos
1051 1658 1106 1720 pro

93 1724 219 1802 singulis
236 1724 370 1803 collegas
391 1723 529 1802 haberet,
554 1743 610 1786 nec
627 1725 764 1804 optinuit,
787 1724 1013 1786 reclamantibus
1038 1743 1106 1784 cun=

0 1820 1 1823 ’
95 1811 152 1869 ctis
169 1810 239 1868 satis
254 1810 434 1870 maiestatem
451 1810 513 1869 eius
527 1810 669 1885 imminui,
695 1809 773 1888 quod
798 1809 939 1870 honorem
961 1827 1025 1869 cum
1047 1826 1106 1868 non

94 1892 177 1954 solus
192 1891 245 1953 sed
262 1910 325 1952 cum
342 1891 435 1953 altero
453 1894 583 1971 gereret.
619 1891 683 1953 Nec
701 1894 818 1972 parcior
833 1893 863 1953 in
878 1891 984 1953 bellica
1001 1894 1150 1956 virtute38

53 1976 283 2055 cohonoranda,
312 1993 402 2056 super
427 1979 542 2054 triginta
565 1976 686 2037 ducibus
708 1979 799 2038 iustos
821 1976 982 2056 triumphos
1003 1986 1033 2037 et
1054 1976 1105 2038 ali·

93 2068 203 2142 quanto
219 2059 351 2140 pluribus
365 2059 548 2141 triumphalia
564 2071 731 2122 ornamenta
749 2061 933 2122 decernenda
950 2062 1070 2122 curavit.
1090 2106 1094 2111 .

157 2143 270 2205 Liberis
287 2153 469 2222 senatorum,
485 2160 543 2225 quo
557 2145 682 2207 celerius
697 2148 741 2205 rei
756 2165 785 2226 p.
801 2155 1019 2223 assuescerent,
1036 2163 1104 2225 pro-

91 2229 171 2290 tinus
192 2247 207 2288 a
232 2226 309 2288 virili
328 2237 400 2306 toga
415 2229 503 2290 latum
526 2229 639 2290 clavum
655 2229 774 2290 induere
790 2238 820 2289 et
842 2231 939 2290 curiae
961 2231 1105 2290 interesse

93 2314 248 2394 permisit,
277 2313 463 2391 militiamque
488 2312 706 2392 auspicantibus
734 2331 792 2374 non
820 2313 994 2374 tribunatum
1016 2313 1104 2374 modo

54 2411 82 2454 aa
92 2398 256 2475 legionum,
273 2395 325 2456 sed
341 2405 370 2457 et
385 2395 587 2476 praefecturas
602 2397 712 2459 alarum
723 2397 820 2468 dedlt;
836 2416 871 2458 ac
884 2416 921 2457 ne
934 2398 983 2474 qui
995 2415 1105 2476 expers

93 2490 256 2542 castrorum
272 2490 368 2558 esset,
384 2481 469 2541 binos
485 2481 656 2560 plerumque
672 2481 838 2542 laticlauios
859 2482 1031 2559 praeposuit
1047 2481 1105 2540 sirr-

7 2580 10 2591 '
114 2565 172 2625 ulis
193 2565 256 2624 alis

92 2583 113 2642 g
158 2644 295 2728 Equitum
317 2657 424 2709 turmas
440 2649 609 2729 frequenter
629 2651 817 2729 recognovit,
836 2658 903 2730 post
924 2649 1071 2726 longam
1063 2668 1103 2708 m-

93 2732 313 2812 tercapedlnem
328 2733 450 2794 reducto
468 2752 549 2794 more
571 2736 770 2794 travectionis.
805 2733 865 2795 Sed
880 2751 975 2812 neque
992 2732 1105 2794 detrahi

1 2817 2 2860 ἶ
53 2835 268 2897 coquemquam
295 2819 323 2877 in
354 2817 533 2879 travehendo
553 2818 589 2878 ab
614 2826 786 2879 accusatore
809 2837 913 2899 passus
939 2827 998 2896 est,
1027 2815 1106 2898 quod

91 2901 160 2961 lieri
174 2899 298 2980 solebat,
317 2911 347 2962 et
360 2902 443 2962 senio
455 2902 503 2962 vel
517 2903 612 2982 aliqua
630 2903 764 2982 corporis
779 2901 846 2963 lahe
859 2902 1021 2980 insignibus
1037 2919 1103 2980 per·

90 2986 186 3066 misit,
202 2983 365 3070 praemisso
381 2987 410 3045 in
427 2985 528 3046 ordine
545 3003 640 3065 equo,
667 2985 703 3046 ad
718 2987 952 3086 respondendum
969 2988 1104 3066 quotiens

92 3066 253 3130 citaremus
270 3069 393 3149 pedibus
413 3071 529 3140 venire;
552 3089 621 3131 mox
647 3069 786 3131 reddendi
802 3072 870 3149 equi
890 3072 1012 3148 gratiam
1032 3071 1105 3130 lecit

1 3191 7 3209 t
91 3155 150 3234 eis,
169 3153 226 3232 qui
246 3155 374 3234 maiores
401 3171 539 3215 annorum
561 3157 687 3234 quinque
712 3163 740 3213 et
755 3156 873 3233 triginta
893 3157 1020 3215 retinere
1039 3171 1103 3212 eum

52 3255 81 3298 aa
91 3232 221 3308 nollent
228 3225 471 3339 impetratisque
499 3259 516 3300 a
542 3249 643 3298 senatu
669 3240 772 3299 decem
796 3237 991 3316 adiutoribus,
1019 3249 1146 3304 unum39

91 3337 237 3466 quempe
253 3324 381 3402 equitum
395 3323 537 3383 rationem
552 3323 628 3383 vitae
646 3323 770 3384 reddere
786 3325 886 3400 coegit
901 3331 988 3400 atque
1006 3339 1044 3381 ex
1060 3321 1101 3381 iu·

91 3403 186 3486 proba
209 3406 331 3468 salios
332 3421 445 3487 poena,
470 3407 571 3467 alios
562 3409 718 3484 ignominia
733 3409 857 3483 notavit,
881 3405 980 3484 plures
1002 3403 1099 3465 admo·

89 3491 217 3570 uitione,
237 3489 290 3550 sed
310 3493 399 3552 uaria.
436 3491 624 3552 Leuissimum
638 3509 731 3570 genus
747 3490 948 3552 admonitionis
969 3488 1021 3549 fuit
1042 3497 1097 3549 tra-
