2438 3872
542 183 646 247 uarro.
689 147 691 154 ¹
1040 171 1099 236 189

100 355 276 418 quandoque
292 357 308 398 e
326 357 358 398 re
375 357 403 418 p.
419 357 454 399 ae
469 341 635 417 provincias
650 348 680 400 et
701 341 847 400 exercitus
862 339 950 418 equiti
964 341 1000 401 lt.
1015 360 1050 402 ac
1066 341 1098 402 li·

101 423 194 482 bertis
212 423 428 501 permissurum.
461 421 548 484 Certe
570 441 666 502 neque
689 422 846 484 adveniens
867 441 962 501 neque
982 426 1098 503 proilci·

102 523 190 566 scens
205 523 376 585 quemquam
398 507 501 566 osculo
523 509 659 586 impertiit
667 542 685 584 ,ι
697 525 732 568 ao
752 525 790 566 ne
810 505 1015 568 resalutatione
1036 510 1098 588 qui-

102 590 181 658 dem:
205 599 234 648 et
255 591 284 650 in
300 591 476 668 auspicando
494 608 586 670 opere
602 589 700 668 Isthmi
721 608 823 668 magna
841 591 1003 669 frequentia
1019 591 1098 652 clare
1114 587 1160 674 rjss,

75 672 205 747 ,utaibi
217 691 257 735 ac
265 674 382 753 populo
392 673 430 735 R.
443 672 580 735 hencres
591 682 724 734 uerteret
734 676 852 754 optavit,
864 674 1039 736 dissimulata
1053 694 1097 736 se-

1 807 2 816 .
38 828 42 833 p
101 767 186 818 natus
204 759 358 818 mentione.
1190 792 1212 822 a

166 842 224 902 Sed
248 859 304 902 nec
319 842 430 921 populo
450 851 497 901 aut
512 841 662 902 moenibus
677 842 788 920 patriae
803 842 947 922 pepercit.
975 841 1140 906 brccnteas

1 955 2 960 κ
103 925 227 1004 quodam
243 927 271 986 in
286 944 421 986 sermone
438 925 591 986 communi:

1 995 3 1009 ’
249 1001 342 1088 Ἐμοῦ
360 1003 508 1082 θανόντος
521 1015 592 1089 γαῖα
604 1003 740 1088 μιχθήτω
755 1009 844 1088 nupt!

1 1085 2 1095 ¹
65 1091 215 1170 tolmone,
232 1093 336 1173 inquit,
352 1088 434 1173 ἐμοῦ
449 1089 585 1168 {abacti
607 1094 752 1173 planeque
766 1095 804 1154 ita
820 1093 900 1154 iecit.
911 1092 1001 1156 -Nam
1018 1095 1099 1173 quasi

103 1179 232 1238 offensus
248 1177 429 1239 deformitate
446 1186 573 1236 veterum
589 1177 785 1238 aedificiorum
806 1187 834 1236 et
854 1180 995 1256 angustiis
1009 1177 1098 1238 denu-

101 1263 201 1342 risque
218 1262 359 1341 vicorum,
375 1263 502 1325 incendit
517 1260 618 1325 urbem
636 1271 692 1325 tam
709 1262 818 1344 palam,
835 1271 863 1321 ut
880 1261 1097 1340 pleriqueoon-

103 1347 216 1408 sulares
235 1347 431 1410 cubicularios
453 1349 532 1424 eius,
556 1367 619 1408 cunr
639 1359 743 1428 stuppa
764 1345 908 1428 taedaque
927 1347 957 1408 lu
972 1345 1097 1426 praediis

1 1458 2 1508 p
104 1433 163 1491 suis
179 1431 396 1510 deprehensos,
420 1450 479 1492 non
500 1434 663 1509 attigerint;
687 1442 716 1492 ct
739 1431 879 1511 quaedam
899 1431 1005 1492 horrea
1021 1433 1097 1490 eirca

1 1515 2 1594 l
65 1537 93 1579 rs
103 1515 218 1576 domum
238 1514 380 1592 Auream,
413 1533 533 1595 quorum
557 1519 679 1596 spatium
703 1517 826 1575 maxime
848 1513 1047 1592 desiderabat,
1069 1523 1098 1572 ut
1127 1524 1129 1528 ·

1 1596 2 1652 ἶ
102 1599 217 1659 bellicis
232 1598 370 1660 machinis
384 1599 528 1662 labefacta
543 1608 630 1678 atque
645 1599 815 1660 inflammata
829 1600 895 1678 sint,
913 1597 990 1678 quod
1007 1615 1096 1668 saxeo

1 1676 24 1764 l·
101 1700 183 1743 muro
206 1692 370 1743 constructa
389 1693 489 1764 erant.⁸
506 1683 567 1744 'Per
587 1703 641 1744 sex
662 1685 724 1743 dies
744 1691 916 1762 septemque
932 1692 1042 1741 noctes
1064 1700 1096 1740 ea

1 1809 2 1815 κ
102 1766 186 1828 clade
203 1768 343 1827 saevitum
358 1777 417 1845 est,
434 1767 469 1828 ad
486 1777 731 1828 monumentorum
745 1767 952 1844 bustorumque
967 1764 1097 1825 diverso-

1 1886 3 1916 ι
100 1851 144 1914 ria
159 1849 246 1930 plebe
260 1851 418 1931 compulsa.
451 1852 531 1912 Tunc
545 1860 663 1931 praeter
676 1853 843 1911 immensum
859 1867 1006 1910 numerum
1022 1849 1098 1932 insu·

61 1937 192 1997 aularum
206 1934 306 1995 domus
320 1935 480 2016 priscorum
497 1936 599 1996 ducum
616 1943 750 1996 arserunt
759 1933 913 1996 hostilibus
925 1933 1019 1994 adhuc
1031 1949 1097 2012 spo·

100 2020 146 2080 liis
162 2020 331 2096 adornatae,
354 2019 529 2100 deorumque
552 2019 641 2080 aedes
659 2020 697 2079 ab
713 2017 832 2096 regibus
848 2035 883 2079 ac
896 2017 1000 2080 deinde
1016 2017 1097 2078 Puni-

101 2107 144 2166 cis
160 2112 189 2163 et
207 2101 325 2164 Gallicis
346 2102 432 2163 bellis
452 2115 539 2164 votae
558 2103 783 2182 dedicataeque‚
806 2112 835 2164 et
851 2101 986 2181 quidquid
1004 2104 1097 2160 visen·
1164 2153 1179 2166 ,,

1 2173 6 2256 l
100 2187 166 2248 dum
181 2194 266 2264 atque
281 2187 468 2248 memorabile
484 2205 521 2248 ex
537 2189 703 2266 antiquitate
726 2187 887 2248 duraverat.
901 2181 981 2247 'Hoc
1001 2187 1097 2245 incen-

1 2261 3 2353 ἰ
100 2271 209 2332 diurne
230 2279 309 2330 turre
324 2270 540 2332 Maecenatiana
558 2279 751 2352 prospectans
773 2271 923 2350 laetusque
943 2268 1096 2347 flammae,

1 2360 4 2384 ‘
60 2375 90 2416 aa
101 2365 132 2415 ut
148 2353 264 2430 aicbat,
277 2353 507 2432 pulchritudine
519 2353 638 2416 Halosin
654 2355 810 2446 liiijnillo
827 2372 879 2414 suo
896 2356 1031 2415 scaenico
1045 2352 1096 2434 lna·-

99 2439 160 2500 bitu
183 2437 355 2498 decantarit.
370 2421 675 2528 sne‘fflffic
701 2429 1097 2518 ῳιοῴῖὸᾟΰᾶἱιῖιῐιῑΐῷὃῖεεῐ

1 2551 2 2554 “
101 2521 228 2602 praedae
247 2529 277 2580 et
297 2522 490 2583 manubiarum
511 2523 675 2599 invaderet,
702 2523 850 2601 pollicitus
876 2521 1047 2594 cadaverum
1069 2530 1106 2586 et

1 2677 2 2682 .
98 2605 235 2667 ruderum
256 2607 408 2682 gratuitam
431 2609 630 2684 egestionem,
656 2607 760 2666 nemini
784 2605 821 2666 ad
842 2605 981 2685 reliquias
1001 2621 1095 2664 rerum

102 2706 216 2750 suarum
233 2688 313 2749 adire
329 2691 472 2769 permisit:
495 2689 763 2768 conlationibusque
785 2707 842 2749 non
861 2689 991 2768 receptis
1011 2687 1096 2748 modo

23 2837 26 2844 ,
62 2791 201 2835 adrerum
216 2781 245 2832 ct
259 2773 425 2851 efflagitatis
447 2775 612 2852 provincias
629 2775 862 2852 privatorumque
882 2792 986 2835 census
1002 2790 1095 2851 prope
1177 2849 1179 2854 ,

1 2879 25 2938 ,A
49 2925 58 2938 ἱ
100 2856 242 2918 exhausit.
277 2857 476 2926 Accesserant
497 2858 581 2917 tantis
603 2877 641 2918 ex
664 2859 795 2937 principe
816 2852 898 2918 malis
921 2855 1095 2936 probrisque
1106 2849 1175 2918 39⁸

38 2979 39 2982 =
101 2939 240 3022 quaedam
256 2950 285 3001 et
299 2940 432 3004 lortuita:
452 2940 618 3021 pestilentia
639 2942 719 3001 unius
741 2942 881 3020 autumni,
904 2959 961 3020 quo
981 2942 1097 3019 triginta

98 3025 232 3103 funerum
246 3025 323 3088 inilia
339 3027 366 3085 in
381 3027 521 3086 rationem
534 3025 674 3087 Libitinae
697 3034 851 3098 venerunt;
875 3025 973 3086 clades
988 3024 1097 3086 Britan

99 3111 181 3184 nica,
205 3127 261 3190 qua
281 3107 338 3188 duo
360 3111 518 3190 praecipua
534 3109 643 3190 oppida
657 3128 760 3187 magna
776 3111 880 3171 civium
895 3112 1097 3187 sociorumque

2 3202 12 3301 p
62 3191 203 3260 accusate*
217 3191 332 3276 direpta
355 3195 432 3264 sunu
460 3196 615 3272 ignominia
636 3195 671 3255 ad
691 3193 852 3272 Orientem,
878 3193 1043 3271 legionibus
1069 3192 1098 3250 in

2 3303 8 3368 ,¹
99 3269 314 3358 Armeniasub
337 3280 433 3356 iugum
454 3279 549 3338 missis
570 3297 718 3357 aegreque
739 3279 822 3354 Syria
843 3273 975 3364 retenta)
996 3267 1132 3337 Mirum*

2 3379 3 3382 ’
99 3371 129 3422 et
146 3358 368 3442 rel'praeclpue
384 3360 512 3424 notabile
528 3363 602 3422 inter
616 3363 687 3422 baec
702 3363 805 3438 luerit,
823 3381 850 3421 nr
872 3381 881 3422 r
946 3380 972 3420 m
987 3362 1096 3440 patien-

10 3469 14 3476 ’
99 3441 256 3529 tius-quam
272 3445 425 3508 maledicta
447 3454 476 3507 et
499 3437 624 3506 convitia
647 3445 789 3507 hominurn
813 3447 928 3524 tulisse,
951 3463 1046 3524 neque
1068 3446 1096 3504 in
