2444 3872
507 161 537 210 c.
560 161 744 212 emicunt.
822 174 858 244 tr,
874 227 878 238 ,
894 189 908 236 3
926 159 988 242 εξ]
1007 157 1021 201 l
1066 161 1124 226 tua

944 269 963 297 t„

125 315 188 374 sine
203 313 313 392 iurgiis.
357 316 429 378 Nam
444 335 503 378 vox
524 318 719 380 comminantis
739 318 832 382 audita
852 311 969 384 estz'ld
983 313 1018 404 μ’
1039 313 1126 388 ἄνοι’-

125 386 200 478 stef,
222 385 324 476 layci
343 396 396 462 σε’·
423 400 518 462 donec
539 410 692 478 exoratus,
718 411 748 462 nt
771 402 933 481 referebat,
957 416 986 467 et
1005 410 1035 468 in
1057 426 1124 470 con-

124 481 286 542 tubernium
315 483 391 546 ultro
427 486 576 562 inuitatus,
616 503 705 564 super
735 487 871 566 templum
903 488 969 550 Divi
1000 491 1125 570 Augusti

125 573 215 644 ponte
230 569 417 644 transmisso,
445 567 582 629 Palatium
597 567 827 650 Capitoliumque
853 574 1006 634 coniunxit.
1044 575 1124 653 llos,

99 665 184 727 equo
209 651 329 729 propior
344 661 437 729 esset,
467 654 496 712 in
516 670 584 714 area
606 651 767 732 Capitolina
790 671 884 716 novae
903 655 1006 718 domus
1027 658 1125 720 inoda-

123 742 220 792 menta
242 735 321 795 iecit.
817 761 824 773 ·

186 817 338 897 Agrippae
360 837 393 878 se
410 827 548 897 nepotem
569 838 663 900 neque
687 821 883 900 uredineque
905 821 961 885 dici
984 823 1022 884 ob
1042 827 1166 903 igno-ae

3 945 4 968 ς
88 922 91 926 ·
124 899 262 961 bilitatem
284 904 347 964 eius
368 902 500 980 volebat,
522 902 783 983 suscensebatque,
812 907 836 966 si
857 909 904 985 qui
925 907 973 967 vel
994 910 1124 970 oratione

124 984 172 1046 vel
193 985 318 1048 carmine
338 986 510 1066 imaginibus
533 1006 597 1048 eum
618 985 774 1050 (laesarum
795 991 965 1051 insererent.
1009 992 1123 1054 Praedi-

3 1069 4 1124 ξ
88 1089 113 1130 ro
125 1069 210 1130 cabat
228 1080 323 1132 autem
342 1080 462 1134 matrem
481 1089 560 1136 suam
580 1089 617 1132 cx
638 1073 768 1149 incesto,
791 1072 868 1152 quod
884 1073 1044 1152 Augustus,
1060 1093 1125 1136 cum

122 1153 195 1214 lulia
222 1154 281 1216 lilia
311 1155 486 1234 admisisset,
517 1164 715 1235 procreatam
745 1173 780 1216 ac
809 1173 866 1218 non
894 1167 1045 1220 contentus
1069 1160 1124 1221 bac

122 1238 248 1314 Augusti
271 1239 478 1318 insectatione,
504 1240 641 1302 Actiacas
665 1241 836 1321 Siculasque
857 1244 1012 1320 victoriam,
1036 1252 1066 1302 ut
1080 1244 1122 1303 lu·

121 1329 220 1382 nestas
241 1322 273 1382 P.
289 1324 324 1384 ll.
346 1332 376 1383 et
400 1323 599 1400 calamitosas,
628 1327 719 1386 vetuit
735 1325 924 1386 sollemnibus
944 1326 1026 1388 feriis
1045 1326 1122 1386 cele·

121 1405 210 1466 brari.
254 1405 361 1468 Liviam
378 1407 539 1486 Augustam
561 1411 724 1487 proaviam,
755 1408 869 1470 Ulixem
894 1409 1028 1471 stolatum
1044 1409 1122 1470 iden·

86 1489 210 1550 totidem
240 1490 408 1570 appellans,
446 1493 531 1560 etiam
558 1492 746 1568 ignobilitatis
777 1493 898 1570 quadam
928 1492 964 1553 ad
994 1502 1124 1554 senatum

121 1572 246 1653 epistula
277 1592 401 1652 arguere
433 1593 519 1636 ausus
544 1584 604 1652 est,
631 1578 714 1654 quasi
739 1584 869 1637 materno
892 1594 946 1637 avo
968 1575 1124 1637 decurione

118 1657 258 1718 F'undano
276 1667 381 1728 ortam;
408 1677 471 1718 cum
492 1659 616 1738 publicis
634 1661 823 1720 monumentis
844 1668 953 1720 certum
969 1659 1021 1738 sit,
1046 1659 1123 1721 Aufi-

75 1807 77 1812 s
116 1741 196 1802 dium
210 1740 371 1802 Lurconem
391 1742 501 1804 Romae
522 1742 679 1804 bonoribus
700 1743 836 1805 iunctum.
866 1743 960 1802 Asiae
981 1741 1123 1804 Antoniae

3 1859 5 1902 ξ
121 1834 265 1886 secretum
280 1828 390 1906 petenti
406 1825 578 1904 denegavit,
604 1828 658 1886 nisi
673 1835 703 1887 ut
720 1827 908 1888 interueniret
921 1827 1020 1888 Macro
1038 1843 1122 1906 prae·

25 1941 29 1946 ·
84 1909 235 1986 aelectus,
268 1927 302 1970 ac
320 1928 375 1990 per
392 1911 474 1971 istius
494 1909 571 1970 modi
591 1910 776 1987 indignitates
797 1920 826 1972 et
850 1909 944 1972 taedia
967 1927 1054 1970 causa
1074 1927 1122 1969 ex·

119 1993 176 2072 titit
205 1994 323 2070 mortis,
352 1992 418 2055 dato
450 2003 558 2071 tamen,
591 2003 622 2054 ut
648 1994 762 2074 quidam
792 2002 905 2073 putant,
934 2002 963 2054 et
992 2009 1122 2060 ueneno;

2 2117 7 2148 :-
119 2095 176 2138 nec
196 2076 350 2138 deiunctae
374 2077 461 2138 ullum
490 2077 628 2138 bonorem
656 2077 770 2154 babuit,
802 2079 1012 2158 prospexitque
1036 2095 1052 2138 c
1075 2077 1123 2136 tri·

3 2159 6 2218 l
108 2160 209 2222 clinio
242 2161 389 2226 ardentem
422 2178 535 2240 rogum.
579 2161 709 2222 Fratrem
742 2161 887 2222 Tiberium
917 2161 1122 2242 inopinantem,

3 2247 5 2276 ‘
120 2254 244 2324 repente
266 2245 395 2309 immisso
415 2245 529 2306 tribuno
559 2245 693 2323 militum,
720 2246 879 2312 interemit:
909 2246 1035 2306 Silanum
1056 2245 1123 2302 item

3 2397 4 2408 2
81 2343 257 2397 msocerum
277 2329 437 2390 adf·necem
460 2329 659 2408 secandasque
682 2329 824 2391 novacula
848 2330 959 2391 fauces·
971 2327 1122 2406 compulit:
1160 2335 1164 2346 '

121 2422 257 2477 causatus
275 2414 305 2474 in
320 2421 460 2493 auoque,
492 2413 569 2493 qued
588 2411 635 2472 bic
658 2414 820 2491 ingressum
837 2431 871 2473 se
887 2413 1027 2472 turbatius
1043 2426 1122 2469 mare

29 2539 32 2542 -
120 2514 179 2559 non
193 2506 273 2558 esset
288 2505 403 2558 secutus
418 2516 453 2558 ac
468 2516 522 2576 spe
539 2494 701 2577 occupandi
722 2495 838 2572 urbem,
869 2497 894 2556 si
915 2493 984 2574 quid
999 2493 1053 2552 sibi
1069 2509 1123 2571 per

3 2585 5 2600 ²
119 2589 310 2660 tempestates
332 2579 496 2658 accideret,
519 2582 718 2650 remansisset;
746 2580 797 2640 ille
818 2576 973 2640 antidotum
994 2575 1121 2637 oboluis-

3 2683 5 2708 ²
120 2673 181 2741 set,
211 2665 292 2745 quasi
315 2665 351 2726 ad
373 2664 576 2744 praecauenda
603 2681 716 2724 venena
741 2681 801 2725 sua.
816 2670 973 2742 sumptum;
1005 2679 1067 2721 cum
1094 2666 1123 2718 ct

82 2749 237 2816 soSilanus
264 2750 460 2828 inpatientiam
489 2766 616 2810 nauseae
644 2749 764 2808 uitasset
793 2755 823 2808 et
851 2743 1013 2808 molestiam
1044 2743 1121 2804 naul-

3 2863 5 2912 ρ
119 2832 222 2912 gandi,
252 2842 284 2894 et
297 2832 428 2894 'liberius
453 2841 576 2914 propter
591 2831 733 2893 assiduam
748 2839 777 2890 et
798 2831 1050 2908 ingrauescentem
1065 2835 1120 2886 tus-

3 2925 4 2944 *
119 2917 174 2978 sim
187 2918 396 2980 medicamento
417 2935 486 2978 usus
511 2925 600 2977 esset.
643 2913 716 2976 llam
735 2912 883 2976 Claudium
898 2919 1030 2994 patruum
1050 2927 1120 2970 non·

118 3002 173 3062 nisi
191 3003 221 3062 in
238 3001 389 3062 ludibrium
403 3001 575 3062 reservavit.

182 3083 254 3156 Cum
275 3085 406 3146 omnibus
429 3083 580 3146 sororibus
599 3085 657 3145 suis
680 3081 915 3145 consuetudinem
933 3078 1023 3160 stupri
1038 3076 1164 3151 fecitne

3 3203 5 3232 r
82 3167 267 3250 asplenoque
303 3169 439 3230 convivio
465 3169 593 3248 singulas
620 3167 695 3228 infra
724 3185 756 3228 se
785 3167 910 3228 uicissim
938 3158 1119 3234 conlocabat,

3 3275 5 3284 ’
118 3269 212 3332 uxore
241 3270 329 3333 supra
360 3253 491 3314 cubante.
535 3251 582 3313 Ex
611 3254 647 3312 iis
665 3251 819 3313 Drusillam
840 3251 958 3311 vitiasse
979 3243 1121 3322 virginem

2 3351 8 3497 l

2 3527 14 3712 l

118 3333 320 3415 praetentatus
349 3337 441 3400 adbuc
472 3336 599 3398 ereditur
622 3345 707 3416 atque
731 3337 815 3396 etiam
837 3335 865 3394 in
885 3328 1038 3393 concubitu
1058 3327 1121 3385 eius

118 3422 263 3499 mundam
285 3413 485 3502 deprehensus
516 3420 551 3482 ab
573 3419 699 3481 Antonia
727 3419 807 3496 avia,
837 3414 913 3496 apud
934 3429 1018 3495 quam
1039 3407 1120 3469 simul

169 3525 325 3567 sumemus.
