2444 3872
124 211 182 274 128
224 224 254 272 c.
267 223 416 272 sunrour
427 223 554 284 nunno.
570 225 617 272 nn
629 225 712 273 vrrs
727 225 911 274 cnnssnunr
931 225 999 272 rus.
1012 225 1076 272 1111.

11 425 12 428 η
77 385 110 438 al
185 377 282 458 Opera
304 378 356 437 sub
372 377 490 439 'liberio
508 377 731 456 semiperfecta,
750 378 887 458 templum
901 377 1025 455 Augusti
1040 377 1120 439 thea-

87 473 89 479 '
122 472 252 540 trumque
269 461 403 541 Pompei,
426 461 560 521 absolvit.
603 460 754 522 Inchoavit
773 472 867 522 autem
893 461 1121 540 aquaeductum

121 547 242 623 regione
267 545 378 606 Tiburti
408 553 437 604 et
467 544 703 624 amphitheatrum
731 548 809 606 iuxta
841 546 966 623 Saepta,
1000 562 1120 623 quorum

120 646 271 707 operuma
287 645 460 688 successore
485 631 546 688 eius
564 625 683 688 Claudio
706 629 826 689 alterurn
844 636 1008 708 peractum,
1034 630 1119 688 ornis·
1202 633 1204 640 '

121 731 182 772 sum
198 712 317 772 alterum
336 720 388 772 cst.
429 711 581 787 Syracusis
603 711 743 792 conlapsa
759 721 901 774 uetustate
921 713 1032 773 moenia
1048 713 1139 774 deo-c

119 813 239 874 rumque
269 795 357 855 aedes
382 795 522 856 reiectae.
569 793 771 857 Destinaverat
800 805 829 856 et
856 796 932 855 Sami
957 794 1120 870 Polycratis

119 880 231 956 regiam
257 881 428 956 restituere,
447 879 537 940 hiileti
556 877 724 955 Didymeum
745 897 907 959 peragere,
932 881 960 938 in
981 881 1048 956 iulgo
1067 877 1119 938 Al·

61 1007 63 1012 .
79 963 197 1044 {epium
217 962 316 1022 urbem
338 963 481 1039 condere,
510 962 562 1023 scd
583 972 648 1023 ante
678 965 772 1024 omnia
800 962 936 1044 Isthmum
961 965 988 1022 in
1007 960 1120 1023 Achaia

15 1045 25 1078 ³
95 1038 295 1126 ''perfodere,
319 1049 492 1125 miseratque
515 1046 628 1106 iamad
648 1037 854 1107 dimetiendum¹
869 1039 942 1124 opus
964 1044 1119 1125 primipila-

75 1138 191 1191 tbrem.
223 1128 369 1190 Hactenus
391 1132 472 1209 quasi
501 1129 536 1189 de
564 1131 710 1210 principe;
740 1130 852 1208 reliqua
879 1138 910 1188 ut
935 1128 970 1189 de
988 1137 1117 1189 monstro
1127 1150 1155 1192 so

115 1211 260 1287 ¹narranda
277 1223 350 1274 sunt.
795 1227 797 1230 ·

185 1295 388 1377 Compluribus
412 1296 630 1373 cognominibus
650 1296 807 1376 adsumptis
836 1299 962 1376 (namet
982 1293 1066 1374 pius
1090 1304 1121 1376 et

119 1390 326 1442 castrorum
348 1379 459 1440 iilius
482 1390 511 1439 et
532 1389 638 1459 pater
661 1383 896 1440 exercituum
917 1389 947 1438 et
963 1380 1120 1457 optimus
1166 1447 1169 1450 ¹

118 1467 292 1525 maximus
315 1463 452 1523 Caesar
477 1463 650 1542 vocabatur)
681 1481 745 1523 cum
773 1463 885 1524 audiret
909 1463 986 1522 forte
1016 1477 1118 1538 reges,

118 1549 166 1626 qui
183 1547 271 1606 oflicii
288 1565 374 1608 causa
396 1548 424 1604 in
443 1547 542 1606 urbem
563 1545 753 1625 advenerant,
776 1547 971 1607 concertantis
989 1563 1005 1605 a
1027 1546 1064 1604 ud
1083 1562 1118 1646 se
1128 1564 1156 1606 1⁵

110 1649 340 1794 attatei?
361 1629 916 1792 lt,”tlltlt,tlttnttlltilt
926 1630 1119 1793 'altitu
1149 1737 1152 1742 .

11 1775 41 1816 μ’
117 1797 246 1858 diadema
268 1805 394 1857 sumeret
417 1799 603 1876 speciemque
628 1799 807 1876 principatus
833 1798 861 1856 in
890 1797 975 1874 regni
995 1795 1118 1856 formam

118 1889 314 1940 converteret.
349 1882 456 1942 Verum
480 1879 655 1957 admonitas,
678 1889 707 1940 et
729 1881 890 1960 principum
910 1888 940 1940 et
960 1895 1062 1956 regum
1083 1897 1118 1938 se

116 1965 283 2024 excessisse
307 1963 469 2040 fastigium,
502 1964 625 2024 divinam
652 1983 690 2024 ex
714 1981 751 2024 eo
776 1965 953 2024 maiestatem
981 1979 1155 2026 assererem

117 2047 171 2106 sibi
199 2049 313 2126 coepit;
345 2045 469 2126 datoque
500 2050 619 2124 negotio
647 2057 678 2106 ut
705 2047 857 2118 simulacra
883 2048 1024 2106 numinum
1049 2044 1118 2104 reli·
1208 2051 1211 2140 q

117 2131 205 2205 gione
228 2138 256 2188 et
279 2138 339 2189 arte
362 2131 529 2208 praeclara,
559 2133 634 2190 inter
655 2149 729 2210 quae
750 2129 864 2209 Olympi
882 2129 977 2207 lovis,
1009 2145 1117 2208 appor-
1210 2145 1211 2152 ¹

116 2219 244 2272 tarentur
261 2230 277 2269 e
294 2212 430 2288 Graecia,
461 2213 562 2290 quibus
584 2216 679 2293 capite
700 2213 816 2294 dempto
842 2231 921 2282 suum
941 2215 1118 2291 imponeret,
1210 2247 1211 2268 2

116 2303 228 2374 partem
242 2294 344 2354 Palatii
360 2295 395 2354 ad
415 2296 508 2355 lorum
526 2314 616 2374 usque
638 2297 800 2377 promovit,
822 2306 907 2376 atque
924 2296 996 2356 aede
1014 2294 1117 2355 Gesto-
1210 2301 1211 2304 ’

114 2380 155 2438 ris
171 2386 200 2438 et
217 2378 344 2439 Pollucis
360 2381 387 2437 in
403 2379 575 2439 vestibulum
591 2381 809 2462 transfigurata,
838 2381 1000 2440 consistens
1024 2395 1155 2458 saepem

114 2462 190 2521 inter
208 2463 314 2522 iratres
335 2462 422 2540 deos,
452 2461 574 2522 medium
597 2462 771 2526 adorandum
792 2483 824 2525 se
846 2463 1014 2524 adeuntibus
1035 2462 1118 2523 exbi-

115 2544 217 2615 bebat;
256 2555 284 2607 et
306 2545 420 2624 qnidam
442 2565 505 2606 eum
530 2545 863 2625 Latiaremffll-pvem
891 2547 1117 2608 consalutarunt.

114 2627 266 2707 Templum
287 2631 371 2690 etiam
392 2632 497 2690 numini
520 2647 572 2689 sno
600 2624 749 2713 proprium
770 2640 799 2690 et
825 2631 995 2692 sacerdotes
1016 2639 1045 2690 et
1065 2647 1117 2688 ex·

116 2713 339 2786 cogitatissimas
363 2713 473 2773 hostias
490 2715 617 2774 instituit.
661 2714 694 2774 ln
716 2714 824 2794 templo
850 2714 1030 2774 simulacrum
1059 2721 1117 2772 sta·
1210 2741 1211 2784 ς

114 2792 164 2852 bat
185 2811 301 2854 aureum
315 2796 481 2883 ,iconie-um,
512 2797 755 2877 amiciebaturque
779 2799 885 2859 cotidie
907 2807 1006 2874 reste,
1038 2795 1157 2875 qualieo
1210 2803 1211 2822 ³

113 2878 179 2954 ipse
200 2885 339 2938 uteretur.
383 2879 550 2957 Magisteria
579 2880 734 2942 sacerdotii
755 2881 909 2942 ditissimus
934 2883 1058 2960 quisque
1087 2889 1119 2940 et

113 2958 268 3019 ambitione
291 2970 320 3020 et
340 2961 499 3024 licitatione
521 2965 642 3026 maxima
664 2964 775 3025 vicibus
802 2965 1017 3045 comparabant.
1056 2963 1117 3024 llo·

113 3044 187 3102 stiae
204 3052 286 3104 erant
307 3044 548 3126 phoenicopteri,
580 3066 725 3129 pavones,
752 3057 913 3126 tetraones,
943 3047 1117 3124 numidicae,

112 3126 321 3205 meleagrides,
354 3129 526 3208 phasianae,
550 3150 623 3210 quac
640 3132 799 3210 generatim
824 3149 877 3212 per
897 3131 1029 3210 singulos
1051 3130 1118 3191 dies
1210 3139 1211 3142 ’

111 3210 335 3271 immolarentur.
379 3209 418 3273 Et
445 3214 577 3274 noctibus
609 3216 722 3294 quidem
750 3216 865 3294 plenam
895 3217 1157 3294 fulgentemqness

112 3293 205 3355 lunam
226 3296 364 3356 invitabat
384 3297 497 3357 assidue
518 3299 546 3356 iu
569 3300 718 3378 amplexus
743 3308 828 3380 atque
851 3299 1049 3376 concubitum,
1072 3301 1116 3358 ln·

112 3377 204 3436 terdiu
218 3397 290 3440 vero
307 3397 370 3440 cum
387 3377 550 3459 Capitolino
570 3382 641 3444 love
664 3389 780 3444 secreto
802 3383 999 3460 fabulabatur,
1025 3382 1116 3454 modo

66 3530 69 3533 ,
112 3455 292 3522 insusurrans
308 3482 343 3524 ac
362 3464 507 3543 praebens
522 3466 550 3524 in
570 3469 663 3528 vicem
686 3484 800 3544 aurem,
828 3467 915 3529 modo
932 3467 1038 3528 clarius
1056 3459 1118 3528 nec
