2408 3870
244 149 356 198 XXXIV
584 145 791 193 PRAEFATIO.

250 296 489 383 λολογικωτᾶτοις
510 306 614 376 fuisse,
638 310 666 360 et
687 305 735 360 ille
757 303 866 375 quidem
889 303 986 360 loenni
1013 305 1162 362 seresbe-

249 392 348 462 riensi,
366 390 413 462 qni
429 389 623 446 Policraticum
638 405 716 444 suurn
732 405 757 443 e.
774 393 841 447 1161
859 387 983 459 scripsit,
998 390 1068 444 beec
1085 389 1162 443 Vin-

249 475 342 532 centio
354 472 558 544 bellovacensi,
574 471 897 544 qutu.1244Specutun
912 488 990 526 sunm
1005 471 1164 528 historiole

250 551 414 629 obsolvit²⁴l
432 562 460 611 et
474 557 501 612 in
518 556 596 612 libris
613 553 710 612 tt-x
728 555 868 611 dimidium
884 555 944 610 lere
965 561 1073 626 partem
1089 555 1161 610 illo-

250 659 308 698 rum
324 647 519 712 excerptorum
534 639 675 712 repetivit.

95 736 228 792 Receptus,
310 725 454 781 Postremo
470 725 534 782 loco
551 721 782 780 commemorondi
797 729 860 776 sunt
874 721 894 777 ii
911 723 1085 795 scriptores,
1108 721 1160 793 qui

85 785 236 892 Χῧξοὲβῇζ
248 811 370 866 Romano
391 808 508 879 imperio
524 805 644 866 nondum
660 819 761 862 everso
773 805 974 865 Suetoniannm
988 822 1059 879 opus
1074 806 1161 876 lege-

248 900 312 949 runt
327 899 409 963 etque
423 889 488 947 inde
504 896 641 963 tamquam
655 906 692 946 ex
705 888 824 960 copiose
835 887 947 945 flumine
961 889 1074 946 ceuales
1087 905 1161 944 suos

250 976 455 1033 derivaverunt.
502 972 553 1041 Qut
570 991 629 1032 cum
652 974 737 1028 multo
761 971 933 1042 antiquiores
955 973 1011 1030 sint
1025 972 1159 1030 omnibns

249 1059 330 1115 libris
351 1057 566 1130 superstitibns,
588 1057 680 1113 dubiis
696 1055 864 1112 lectionibus
884 1070 1088 1128 nonnumquam
1105 1071 1158 1112 sue

250 1141 416 1199 auctoritete
435 1155 561 1211 magnum
576 1141 684 1212 pondus
700 1139 829 1196 conferre
843 1146 976 1211 possunt,
994 1138 1160 1211 Eutropium

249 1227 326 1296 dico,
341 1225 492 1293 Victorem,
506 1223 634 1279 Orosium
652 1231 680 1279 et
693 1223 804 1293 Lydum.
847 1221 879 1279 ld
893 1231 923 1279 ut
938 1225 1045 1296 aliquot
1060 1239 1158 1278 exenn-

249 1308 304 1380 plis
317 1309 513 1376 demonstrem,
526 1307 676 1378 Eutropius
692 1306 842 1363 lectionem
856 1307 997 1364 duodecim
1008 1325 1036 1379 p.
1051 1311 1159 1376 237,18

202 1389 214 1410 '
250 1393 393 1449 conllrmet
406 1408 458 1463 per
474 1391 581 1463 aliquot
595 1392 708 1447 saecule
721 1390 784 1446 vitii
799 1392 996 1463 typographici
1012 1390 1104 1461 gretie
1122 1390 1156 1446 eb

250 1475 405 1531 editoribus
428 1480 565 1548 sprctam,
586 1475 735 1532 verborum
754 1474 879 1530 ordinem
901 1492 928 1546 p.
947 1480 1014 1544 241,
1035 1482 1069 1533 10
1090 1488 1158 1530 con·

246 1562 330 1631 pessit
342 1565 461 1632 quantos
474 1557 608 1627 vindicet,
624 1575 651 1630 p.
670 1563 719 1627 12,
735 1566 749 1616 1
766 1556 904 1614 vaticano
920 1558 1012 1614 codici
1028 1557 1157 1613 lacunam

249 1643 375 1715 explenti
398 1642 603 1715 patrocinatur:
628 1641 760 1697 Aurelius
775 1641 874 1696 Victor
897 1658 924 1714 p.
941 1647 1010 1711 238,
1031 1647 1048 1701 6
1066 1642 1159 1696 cirum

248 1732 326 1782 recte
341 1725 430 1783 omitti
446 1725 529 1780 docet
547 1732 575 1781 et
590 1742 617 1797 p.
635 1732 701 1794 195,
717 1729 752 1784 38
767 1725 886 1781 vetustis
902 1725 1050 1797 Excerptis
1066 1739 1155 1797 pereo

247 1810 447 1882 praebentibus
459 1808 595 1865 calculum
607 1808 718 1872 ediicit;
730 1807 848 1864 Orosius
860 1809 1025 1866 vocabulum
1036 1811 1155 1864 omnium

248 1900 357 1967 p.109‚
377 1900 394 1954 9
412 1892 505 1950 eliens
524 1908 604 1949 menn
627 1891 794 1949 inculcatum
811 1907 875 1948 esse
892 1893 989 1966 docet3
1013 1893 1105 1963 Lydus
1125 1893 1154 1949 in

248 1993 301 2033 suo
317 1976 445 2048 exemplo
459 1992 487 2046 p.
503 1982 548 2046 56,
564 1979 597 2035 37
614 1977 721 2030 cercone
734 1976 835 2031 lectum
853 1992 917 2032 esse
932 1975 1035 2049 prodit.
1062 1975 1154 2043 Quae·

250 2061 311 2117 deur
331 2060 468 2115 lectiones
493 2075 529 2114 ex
546 2058 590 2114 his
606 2058 793 2130 scriptoribus
809 2060 855 2115 vel
877 2060 952 2115 nulle
968 2059 1154 2116 Suetonieno-

249 2157 309 2199 rum
326 2142 460 2199 librorum
482 2141 648 2198 euctoritete
665 2142 816 2198 assedente
830 2143 996 2199 videbantur
1014 2141 1153 2215 recipien-

256 2255 457 2266 ——n-——u

249 2305 282 2356 de
298 2305 409 2355 Fortuna
428 2303 522 2355 Gelbes
540 2305 653 2354 scribens
674 2306 702 2366 5,
722 2307 753 2363 43
775 2313 799 2354 et
817 2306 943 2356 mirabere
961 2308 1037 2358 credo
1055 2321 1151 2358 mecum

249 2380 410 2424 enumeratos
434 2373 469 2433 8,
504 2372 536 2424 18
564 2381 628 2424 extr.
655 2373 776 2442 deinceps
797 2372 952 2438 Suetonium,
978 2375 1007 2436 Q.
1032 2377 1150 2436 Gnrtinm,

249 2440 394 2493 Cornelium
406 2442 529 2503 Tacitum,
547 2441 577 2493 Τ.
596 2441 705 2507 Livium,
726 2439 848 2493 Serenum
861 2451 887 2494 et
904 2442 1082 2509 Trcnpcitlrcn.
1114 2444 1151 2495 De

249 2509 382 2560 Vincentio
401 2525 524 2575 quaerere
541 2525 634 2577 operes
652 2525 703 2561 non
723 2510 781 2561 mit.

317 2580 362 2641 24)
384 2580 485 2629 lorrnnis
506 2577 708 2630 Seresbericnsis
726 2579 881 2630 conferenda
898 2587 958 2630 sunt
977 2581 1106 2648 capital,
1125 2581 1149 2631 7.

250 2647 279 2708 1,
299 2645 339 2696 13.
360 2649 389 2707 2,
409 2647 449 2700 10.
467 2646 498 2708 3,
518 2649 559 2700 14.
579 2652 613 2711 4,
633 2648 658 2700 8.
676 2647 701 2709 8,
714 2649 740 2700 7.
760 2647 786 2710 8,
804 2647 846 2700 19.
880 2647 998 2715 Epitome
1016 2650 1060 2700 ille
1078 2663 1148 2700 nsum

249 2729 320 2779 esse,
340 2714 426 2766 multis
442 2715 518 2767 rebus
536 2717 659 2782 probetur
678 2724 705 2766 ut
723 2715 824 2767 deiectu
840 2716 958 2768 versiculi
976 2731 1002 2786 p.
1024 2718 1073 2780 22,
1095 2717 1111 2769 6
1127 2725 1149 2768 st

194 2809 200 2820 ·
249 2783 360 2832 nominis
378 2784 487 2835 Crassus
501 2799 528 2850 p.
541 2786 600 2845 171,
615 2788 645 2845 2;
661 2794 715 2835 tum
732 2784 882 2836 lectionibus
897 2783 939 2836 his
956 2801 982 2853 p.
998 2785 1097 2850 72,18.
1116 2786 1148 2835 25

249 2855 304 2904 loco
318 2853 457 2902 stomachus
476 2861 502 2903 et
523 2853 655 2911 decoctam·
678 2868 705 2919 p.
727 2853 790 2919 182,
819 2853 853 2906 et
876 2855 1013 2913 testicctiar
1037 2867 1064 2922 p.
1090 2852 1148 2916 229,

249 2919 282 2969 21
303 2934 359 2983 sqq.
378 2920 481 2978 deditis:
495 2922 641 2980 crantibus:
655 2923 738 2986 deser't
753 2930 867 2980 eremus:
885 2937 911 2989 p.
928 2921 994 2985 240,
1005 2921 1047 2975 st
1059 2924 1149 2988 factam

249 2987 319 3053 qnod
331 2989 380 3039 eidi
395 2997 463 3040 esset
475 2993 657 3053 paenitendum.
675 2992 837 3042 vincentium
846 2991 1053 3044 bellovacensem
1067 2993 1148 3044 alteris

249 3058 376 3122 excerptis
401 3072 477 3108 usum
509 3076 566 3112 esse
593 3067 706 3127 arguunt
733 3058 876 3126 scriptionis
906 3059 1064 3112 differentiae
1088 3057 1146 3111 luce:

249 3140 274 3192 p.
293 3124 338 3180 23,
358 3125 391 3176 33
407 3127 559 3192 Eloquentia
576 3129 697 3189 micabit&
715 3130 756 3192 27,
771 3127 803 3181 31
823 3130 971 3180 termolendt
984 3133 1091 3193 possins
1106 3127 1146 3189 62,

249 3192 284 3244 20
300 3198 447 3254 rntseertor
469 3195 518 3257 63,
536 3196 569 3247 32
586 3201 623 3247 ita
641 3199 746 3256 amicos,-
766 3198 812 3258 72,
835 3196 869 3250 36
884 3197 951 3249 bibit.
988 3197 1146 3261 Sedpropc·

249 3265 328 3320 dones
343 3261 403 3324 104,
419 3266 442 3314 7.
459 3263 477 3314 0
494 3267 520 3314 in
536 3273 674 3330 perrectura
688 3273 713 3318 at
727 3269 847 3318 sestertia
860 3268 960 3326 omem,-
974 3265 1033 3328 106,
1051 3266 1081 3317 12
1095 3266 1145 3315 crst-

248 3345 310 3380 marm
323 3334 405 3387 uertit.
434 3331 521 3391 sato,-
542 3335 601 3392 111,
613 3334 655 3388 33.
673 3332 707 3385 37
723 3344 748 3387 et
759 3335 870 3388 caecam
884 3342 909 3387 et
923 3350 972 3387 non
987 3337 1075 3393 rotem
1092 3331 1145 3393 128·

246 3399 282 3450 26
297 3402 363 3450 inter
375 3401 438 3451 duos
452 3400 552 3464 tratres
565 3411 611 3454 etc.
