2444 3872
91 182 151 242 100
173 193 204 242 C.
220 193 370 243 semrom
388 194 516 254 TRANQ.
532 194 579 242 DE
595 193 677 242 VITA
692 193 876 242 CAESARUM
890 193 959 240 LIB.
975 192 1027 242 111.

90 348 224 425 decerni,
248 366 285 408 ne
305 356 424 428 questus
440 347 553 428 quidem
568 358 622 408 est.
652 347 786 426 Negante
803 365 840 408 eo
856 346 1017 408 destinatos
1030 365 1088 408 ma·

89 432 226 510 gistratus
246 430 350 491 abesse
372 442 527 511 oportere,
548 441 579 492 ut
599 440 770 512 praesentes
790 430 895 501 honori
918 429 1088 530 adquiesce-

87 523 168 592 rent,
183 523 303 595 praetor
317 514 482 592 designatus
501 516 621 598 liberam
616 515 812 592 legationem
826 515 1001 594 impetravit.
1030 512 1088 574 lte-

88 616 150 682 rum
177 607 331 676 censente,
356 607 386 658 ut
412 599 562 660 Trebianis
586 599 746 677 legatam'
738 617 767 657 ιιι
792 615 866 677 opus
890 599 959 658 novi
980 597 1089 659 theatri

88 673 239 762 pecuniam
262 682 297 743 ad
312 682 495 744 munitionem
510 685 574 742 viae
588 683 746 743 transferre
762 679 990 758 concederetur
1014 681 1088 760 opti·
1112 697 1125 738 s

87 783 158 826 nere
179 784 238 828 non
257 767 351 846 potnit
365 767 433 846 quin
446 774 508 826 rata
522 765 657 828 voluntas
672 765 813 842 legatoris
831 773 920 826 esset
953 727 1024 826 Cdm
1041 782 1087 824 se·

87 859 170 911 uatus
194 850 355 912 consultum
377 868 431 930 per
450 848 658 912 discessionem
672 849 749 909 torte
770 849 870 924 lieret,
893 856 1089 912 transeuntem

88 952 152 994 eum
173 933 201 993 in
217 934 337 996 alteram
352 943 479 1014 partem,
500 934 529 992 in
548 951 603 1013 qua
616 934 771 1014 pauciores
787 940 885 1008 erant,
910 941 1027 992 secutus
1042 939 1090 990 est

87 1034 182 1078 nemo.
1122 1045 1124 1048 ·

151 1099 258 1162 Cetera
278 1118 393 1181 quoque
414 1095 529 1160 nonnisi
548 1118 602 1178 per
617 1099 801 1177 magistratus
817 1107 847 1159 et
862 1098 924 1160 iure
940 1099 1087 1163 ordinario
1097 1119 1123 1162 1o

86 1183 261 1262 agebantur,
288 1192 365 1245 tanta
395 1183 544 1244 consulum
570 1185 741 1244 auctoritate
760 1192 791 1243 ut
810 1183 901 1262 legati
923 1201 961 1244 ex
985 1182 1089 1244 Africa

86 1267 208 1327 adierint
232 1285 284 1328 eos
308 1276 479 1346 querentes,
507 1266 579 1328 trahi
607 1285 639 1326 se
661 1284 677 1326 a
699 1265 824 1328 Caesare
846 1266 882 1328 ad
902 1283 987 1346 quem
1006 1267 1088 1328 missi

86 1351 192 1411 forent.
221 1348 286 1410 Neo
303 1353 421 1427 mirum,
437 1368 500 1410 cum
514 1349 607 1430 palam
623 1359 719 1428 esset,
738 1352 832 1431 ipsum
847 1367 964 1432 qaoque
977 1349 1089 1412 eisdem

44 1443 117 1500 atet
129 1451 285 1513 assurgere
306 1443 335 1495 et
353 1434 499 1495 decedere
514 1436 570 1494 via.
603 1433 750 1515 Corripuit
766 1433 936 1496 consulares
951 1434 1086 1496 exerciti-
1190 1431 1196 1442 ¹

85 1519 138 1579 bus
153 1518 351 1599 praepositos,
367 1518 445 1598 quod
460 1536 519 1579 non
533 1517 569 1577 de
584 1517 671 1578 rebus
683 1519 776 1596 gestis
789 1519 899 1580 senatui
912 1516 1086 1596 scriberent,
1097 1537 1124 1578 rs

86 1601 221 1682 quodque
241 1601 277 1662 de
296 1602 455 1664 tribuendis
471 1601 639 1682 quibusdam
654 1601 823 1662 militaribus
839 1601 923 1662 donis
938 1601 1022 1662 adse
1039 1621 1086 1665 re·

85 1687 211 1764 ferrent,
235 1689 316 1766 quasi
338 1705 395 1748 non
419 1689 542 1747 omnium
564 1685 780 1746 tribuendorum
796 1685 853 1764 ipsi
871 1687 915 1745 ius
935 1683 1086 1746 baberent.

85 1770 253 1831 Praetorem
281 1769 479 1846 conlaudavit,
510 1769 587 1849 quod
612 1768 725 1829 bonore
751 1771 822 1828 inito
850 1767 1088 1830 consuetudinem

85 1855 228 1944 antiquam
253 1855 401 1916 retulisset
430 1853 642 1914 densioribus
662 1854 721 1914 suis
743 1871 798 1934 pro
820 1854 956 1914 contione
978 1868 1086 1916 memo-

84 1937 182 2000 randi.
210 1937 394 2014 Quorundam
416 1936 567 1999 illustrium
589 1937 728 2016 exequias
748 1954 839 2016 usque
858 1935 893 1996 ad
908 1953 1012 2014 rogum
1027 1937 1085 1998 ire-
1096 1950 1124 1992 ao

105 2024 242 2082 uentavit.

86 2040 104 2100 q
150 2103 251 2165 Parem
277 2104 503 2165 moderationem
526 2104 684 2166 minoribus
712 2121 827 2182 quoque
849 2111 878 2162 et
899 2086 1034 2183 personis
1057 2111 1088 2162 et
1201 2117 1210 2156 l

54 2219 57 2224 ·
84 2187 173 2248 rebus
192 2186 329 2247 exhibuit
366 2185 436 2248 Cum
454 2188 631 2252 alodiorum
654 2190 854 2266 magistratus,
875 2184 953 2265 quod
974 2185 1087 2246 litteras

14 2307 17 2312 ·
85 2269 217 2351 publicas
244 2273 306 2332 sine
328 2271 542 2370 subscriptione
567 2272 602 2332 ad
622 2291 655 2332 se
675 2270 831 2346 dederant,
855 2278 1026 2346 evocasset,
1049 2286 1087 2329 ne

84 2353 178 2416 verbo
198 2355 311 2434 quidem
332 2357 488 2417 insectatus
509 2372 544 2416 ac
559 2364 666 2416 tantum
680 2354 793 2416 modo
785 2371 880 2416 russos
900 2352 1125 2414 subscriberem

84 2440 203 2502 remisit.
244 2439 394 2518 Diogenes
420 2441 639 2517 grammaticus,
667 2440 813 2520 disputare
838 2436 966 2498 sabbatis
990 2435 1088 2499 ltlrodi

85 2523 197 2600 solitus,
214 2525 378 2584 venientem
394 2541 473 2602 eum,
489 2533 519 2584 ut
535 2542 567 2584 se
584 2533 666 2585 extra
680 2522 810 2584 ordinem
825 2521 947 2598 audiret,
965 2537 1023 2582 nou
1037 2519 1087 2581 ad·

83 2608 202 2666 miserat
224 2623 258 2668 ac
279 2626 333 2686 per
353 2607 501 2668 servolum
522 2623 601 2668 suum
617 2608 647 2667 in
664 2608 815 2687 septimum
830 2605 905 2666 diem
921 2603 1086 2672 distulerat:

83 2689 159 2752 launo
176 2691 297 2767 Romae,
313 2690 453 2752 salutandi
468 2692 511 2754 sui
528 2709 613 2752 eausa
627 2708 682 2770 pro
696 2689 808 2751 loribus
823 2688 1001 2764 adstantem,
1017 2685 1088 2748 nihil

84 2772 204 2853 amplius
229 2791 312 2852 quam
337 2781 368 2832 ut
393 2783 460 2852 post
485 2777 636 2854 septimum
661 2791 763 2838 anunm
791 2773 900 2834 rediret
930 2771 1085 2834 admonuit.
1097 2787 1126 2830 eo

83 2856 267 2917 Praesidihus
288 2857 448 2918 onerandas
467 2858 574 2920 tributo
595 2859 762 2939 provincias
780 2856 966 2918 suadentibus
980 2854 1086 2914 rescri-

35 2939 62 2998 l
53 2942 158 3024 psit,
175 2939 249 3002 boni
259 2939 402 3041 postpre‘s
417 2959 485 3004 esse
499 2941 626 3004 tondere
632 2959 746 3020 pecus
765 2959 825 3002 noo
841 2938 1016 3020 deglobere

41 3039 92 3094 33
146 3023 284 3086 Paulatim
299 3026 460 3106 principem
476 3027 599 3125 exeruit,
614 3025 814 3106 praestititque
829 3026 884 3084 etsi
901 3024 1010 3086 varium
1026 3021 1088 3098 aliu,

83 3107 309 3170 commodiorem
329 3111 557 3191 tamensaepius
575 3108 657 3169 etad
676 3109 813 3173 utilitates
824 3106 956 3187 publicas
967 3106 1087 3186 pronio
1207 3067 1210 3196 Ι

81 3210 152 3254 rem.
173 3192 323 3272 Acprimo
336 3203 454 3254 eatenus
467 3193 687 3269 interveniebat,
699 3211 736 3252 ne
751 3191 818 3271 quid
830 3189 1086 3270 perperamlieret.
1098 3203 1126 3244 as

81 3275 183 3356 ltaque
206 3285 236 3337 et
256 3277 477 3338 constitutiones
497 3285 613 3337 senatus
636 3275 772 3355 quasdam
793 3273 932 3352 rescidit,
952 3282 981 3336 et
995 3274 1087 3352 magi·
1168 3316 1173 3322 s
1208 3283 1210 3318 1

82 3359 218 3421 stratibus
240 3377 296 3441 pro
316 3358 450 3422 tribunali
470 3359 716 3437 cognoscentibus
739 3358 909 3440 plerumque
931 3375 963 3418 se
979 3355 1097 3444 odere·

82 3441 133 3504 bat
147 3444 342 3506 consiliarium
356 3441 558 3524 assidebatque
573 3443 672 3504 iuxtim
686 3443 736 3504 vel
753 3440 967 3505 exadversum
957 3459 987 3500 ιιι
997 3450 1086 3520 parte
