2438 3872
552 163 659 216 ιιιιιιο.
1035 155 1095 218 195

99 330 129 382 et
140 329 206 382 ante
217 311 456 401 faciem'optento
468 321 584 383 sudario
597 336 702 400 equum
713 320 867 401 inscendit,
878 329 1013 400 quatuor
1024 322 1097 384 solis

1 461 2 488 ,
25 407 27 410 ’
100 404 311 484 comitantibus,
322 406 636 488 interquosetSporos
645 413 716 483 erat.
739 405 1096 485 Statimquetremoreter·
1111 413 1146 432 ‘

1 495 3 512 '
98 488 308 567 rosetiulgure
317 489 443 549 adverso
457 490 639 569 patefactus,
654 489 741 550 audiit
755 490 919 570 eproximis
928 491 1030 551 castris
1039 489 1096 552 ela·

97 591 209 636 morem
220 574 338 634 militnm
351 582 381 634 et
393 571 447 634 sibi
459 572 582 636 adversa
594 573 740 635 etGalbae
752 574 1096 655 prosperaominantiom,
1198 591 1201 598 ·

72 659 184 720 setiam
203 675 241 718 ex
260 657 355 718 obviis
371 657 533 719 viatoribus
556 658 696 738 quendam
714 658 872 718 dicentem:
889 655 933 719 ιιι·
945 655 1098 720 Neronem

1 778 2 792 ι
95 747 336 821 persequantur,
351 741 436 802 olium
447 743 659 804 sciscitantem:
674 739 800 822 Ecquid
821 743 854 802 im
873 741 952 802 urbo
972 742 1047 803 ttcoi
1059 741 1098 802 dc

98 823 246 887 Neroua?
268 825 352 904 Equo
366 835 461 886 autem
473 844 511 887 ex
524 826 616 886 odore
628 826 739 890 abiecti
748 827 778 886 in
793 826 839 887 via
857 826 1008 887 cadaveris
1028 844 1096 886 con·

1 916 2 923 ³
99 917 241 986 sternata,
255 910 371 970 detecta
385 911 462 971 iacis
475 911 588 988 agnitus
599 919 674 970 esta
693 910 817 989 quodam
834 911 963 971 missicio
982 919 1097 989 praeto·
1102 985 1107 992 .

14 1065 16 1068 ¹
98 993 380 1054 risnoetsalutatus.
413 995 453 1055 Ut
474 993 509 1054 ad
526 993 735 1055 deverticulum
754 1004 869 1068 sentum
889 1003 949 1072 est,
974 987 1126 1054 dimissis'

1 1137 2 1140 ,
63 1086 90 1130 ιι
100 1077 194 1176 equis,
205 1077 280 1137 inter
290 1076 426 1138 fruticeta
438 1095 472 1138 ac
482 1096 590 1157 vepres
603 1096 657 1157 per
668 1063 848 1139 harundineti
860 1080 990 1138 semitam
1006 1095 1097 1176 aegre

98 1178 155 1222 nec
166 1162 220 1220 nisi
232 1167 320 1220 strata
333 1161 385 1220 sub
397 1161 522 1240 pedibus
534 1170 617 1221 veste
638 1161 673 1222 ιι
694 1179 828 1222 aversum
850 1162 938 1222 villae
958 1161 1097 1243 parietem

1 1323 2 1326 Ἴ
100 1245 201 1307 evasit.
219 1242 263 1304 lbr
274 1244 408 1306 hortante
420 1245 523 1306 eodem
534 1243 674 1322 Phaonte,
686 1254 716 1304 ut
727 1247 857 1306 interum
848 1265 877 1306 tn
889 1263 1010 1326 specum
1025 1263 1096 1324 ege·

1 1346 2 1349 ’
99 1327 301 1391 staebarenae
314 1329 491 1390 concederet
499 1331 684 1407 ,negavitse
699 1330 802 1390 uicum
822 1329 880 1390 sub
902 1336 1019 1391 tetram
1036 1331 1094 1390 ιἰιι·

1 1417 2 1430 ’
98 1429 183 1488 mm,
200 1430 236 1474 ac
250 1429 404 1492 parumper
424 1422 630 1491 commoratus,
650 1413 715 1472 dum
735 1413 929 1475 clandestinus
947 1414 983 1474 ad
998 1414 1097 1474 villam

1 1556 3 1562 ,
64 1497 232 1557 ιιιιιιιοιιιιι
247 1506 408 1575 pararetur,
428 1515 529 1576 aquam
547 1514 584 1556 err
600 1495 731 1558 subiecta
752 1496 856 1568 lacuna
875 1507 996 1578 poturus
1013 1515 1097 1558 mann

97 1580 192 1642 bausit
209 1589 238 1642 et
249 1577 337 1642 Huac
351 1587 413 1658 est,
436 1583 544 1659 inquit,
561 1579 696 1642 Neronis
717 1581 865 1642 decocto!
886 1581 968 1657 dein,
984 1581 1097 1642 divolsa

98 1661 230 1726 sentibus
240 1664 374 1744 paenula,
383 1665 523 1725 mareotes
535 1664 669 1724 surculos
679 1667 772 1724 rasrt
760 1664 899 1744 Atque
890 1674 929 1724 ιιι
940 1665 1097 1744 quadrupes
1117 1685 1120 1690 ·

99 1763 155 1828 per
167 1748 315 1825 angustias
327 1748 454 1809 effossae
471 1747 613 1808 cavernae
625 1750 784 1827 receptus
775 1768 803 1808 ιιι
816 1750 975 1829 proximam
983 1748 1096 1826 cellam,

99 1831 235 1893 decubuit
246 1831 453 1910 superlectum
464 1830 578 1891 modica
591 1832 705 1909 culcita,
717 1841 819 1893 vetere
832 1833 920 1911 pallio
934 1841 1042 1910 strato,
1055 1833 1096 1896 in-

1 1939 3 1994 }
63 1923 254 1984 ”structum
279 1915 415 1994 fameque
434 1924 463 1974 et
482 1917 585 1975 iterum
603 1915 650 1974 siti
667 1915 886 1995 interpellante,
913 1934 1017 1996 panem
1036 1917 1096 1994 qui-

1 2052 3 2081 ,
99 2000 166 2060 dem
184 1997 329 2060 sordidum
346 1998 474 2060 oblatum
492 2009 664 2078 aspernatus
682 2003 744 2077 est,
763 2017 857 2078 aquae
875 2009 969 2061 autem
980 1999 1097 2079 tepidae

1 2085 3 2154 J
101 2082 275 2162 aliquantum
286 2080 366 2142 bibit.
389 2082 469 2144 Tunc
480 2101 537 2143 uno
551 2100 668 2162 quoque
680 2083 747 2142 binc
758 2083 824 2143 inde
835 2085 960 2144 instante
970 2094 1000 2144 ut
1013 2087 1140 2164 quamdi)

1 2165 25 2222 ’.
99 2166 222 2246 primum
235 2183 267 2226 se
283 2167 512 2245 impendentibus
531 2166 713 2228 contumeliis
731 2166 870 2247 eriperet,
889 2167 1025 2230 scrobem
1047 2185 1096 2228 co·

1 2331 2 2334 Ἴ
99 2265 162 2310 rem
177 2250 239 2310 lieri
251 2251 414 2330 imperavit,
430 2250 574 2312 dimensus
585 2250 622 2311 ad
635 2251 771 2331 corporis
784 2252 827 2312 sui
838 2252 999 2330 modulum,
1018 2269 1096 2313 oom-

1 2341 2 2348 ’
62 2335 229 2414 seponique
241 2333 335 2410 simul,
348 2335 373 2393 si
385 2351 441 2411 qua
453 2335 658 2412 invenirentur,
671 2335 762 2397 frusta
774 2337 940 2414 marmoris,
954 2346 982 2396 et
993 2353 1097 2414 aquam

99 2417 183 2486 simul
197 2434 233 2476 ac
244 2416 323 2494 ligna
337 2417 464 2476 conferri
478 2419 604 2479 curando
616 2436 684 2480 mox
697 2419 842 2497 cadaveri,
854 2419 928 2481 flens
940 2419 975 2480 ad
984 2419 1095 2498 singula

98 2510 187 2579 atque
199 2499 353 2560 identidem
366 2500 514 2562 dictitans:
529 2501 641 2576 Oculis
656 2502 776 2582 artifex
788 2505 907 2582 pereo!

159 2583 240 2644 Inter
250 2601 347 2646 moras
365 2585 495 2664 perlatos
508 2603 524 2645 ι
538 2605 658 2647 cursore
670 2587 792 2648 Phaonti
811 2587 967 2648 codicillos
986 2589 1095 2666 praeri-

99 2670 161 2748 puit
172 2667 311 2747 legitque,
324 2687 357 2730 se
371 2670 484 2730 bostem
497 2688 513 2730 a
525 2680 627 2732 senatu
637 2671 790 2732 iudicatum
797 2681 827 2733 et
833 2673 942 2750 quaeri,
953 2681 984 2730 ut
996 2673 1095 2750 punis·

1 2821 2 2826 η
63 2760 145 2814 attur
155 2753 414 2830 morsmctbrum,
430 2755 677 2835 interrogavitque
690 2755 775 2835 quale
786 2756 816 2815 id
826 2773 920 2833 genus
932 2765 1011 2816 essct
1023 2773 1095 2835 poe·
1108 2820 1112 2828 ,
1165 2781 1166 2784 “

1 2857 3 2870 ·
97 2855 170 2908 nae;
184 2845 213 2896 et
226 2855 289 2898 cum
301 2838 505 2918 comperisset,
518 2837 584 2899 nudi
596 2839 719 2899 hominis
732 2841 877 2900 cervicem
889 2840 977 2900 inseri
984 2840 1095 2916 furcae,

1 2955 9 2999 p,
99 2939 209 3002 corpus
219 2923 311 3000 uirgis
322 2921 360 3000 ad
369 2939 471 3004 necem
484 2921 576 2999 caedi,
590 2923 1007 3003 conterritnsduospugiones,
1021 2941 1105 3004 quos¹

1 3020 7 3078 t
98 3023 198 3068 secum
214 3006 371 3084 extulerat,
389 3007 519 3086 arripuit,
538 3015 732 3086 temptataque
749 3008 897 3088 utrimque
914 3009 978 3069 acia
995 3024 1095 3068 rursus

1 3118 9 3154 ι
99 3089 241 3167 condidit,
259 3089 536 3152 causatusttcmclum
550 3089 661 3152 adesse
668 3090 799 3169 fatalem
809 3089 938 3163 boram
934 3116 941 3133 ·
961 3109 995 3152 ac
1006 3073 1118 3171 model

1 3179 9 3189 ’“
61 3186 88 3234 ιι
99 3177 227 3255 Sporum
238 3175 407 3237 hortabatur
417 3183 447 3235 ut
458 3175 607 3236 lamentari
625 3194 660 3236 ac
677 3175 820 3254 plangere
836 3178 989 3256 inciperet,
1007 3173 1094 3235 modo

98 3259 204 3322 orabat
213 3268 248 3338 ιιι
255 3279 288 3321 se
301 3259 402 3340 aliquis
415 3258 450 3320 ad
461 3268 583 3321 mortem
600 3258 809 3339 capessendam
823 3258 976 3338 exemplo
968 3267 1094 3327 roraret

67 3331 239 3424 interdum
251 3338 404 3422 segnitiem
422 3362 501 3406 suam
518 3342 562 3406 his
579 3343 678 3404 verbis
695 3342 880 3423 increpabat:
900 3340 974 3404 Vico
989 3339 1093 3442 defor-

95 3417 198 3506 mim,
210 3417 461 3510 ospitat-od
471 3423 589 3509 πρέπει
597 3423 745 3510 Νέρωνι,
758 3420 800 3490 ot
808 3418 1096 3570 modags-opipera
