2408 3870
444 217 654 266 PRAEFATIO.
955 221 992 269 m

87 395 147 433 vum
169 377 363 448 enimoaput,
386 392 441 431 non
467 375 584 446 librum,
613 377 700 448 prima
727 377 875 449 scriptoris
904 378 992 436 verba

84 479 112 534 p.
128 467 182 522 268
197 460 347 516 Rhetorica
366 473 472 530 quoque
492 461 570 530 opud
588 475 638 514 uos
654 461 774 530 perinde
795 469 876 532 utque
895 478 990 534 yrum·

85 548 185 600 mulien
202 551 255 615 eto,
272 549 369 615 aperto
383 543 511 614 produnt.
554 543 611 600 Sed
626 560 660 598 no
675 544 703 598 iu
719 544 864 600 codicibus
881 545 990 616 quidem

85 629 154 684 salis
168 629 270 684 idonea
288 632 447 698 argumenta
464 626 593 681 divorsae
610 627 751 698 opinionis
765 627 902 684 invenias.
946 629 991 684 ln-

85 711 210 784 terponit
227 711 337 782 quidem
353 709 543 766 berolinensis
561 709 633 765 liber
650 711 736 766 verba
753 711 840 766 haee:
858 712 992 766 Eiusdem

84 795 118 849 de
135 795 280 850 rhetoricis
295 789 366 866 (sio)
383 792 487 847 libellus
502 794 604 863 incipit,
624 793 790 848 ilarleianus
807 800 834 848 et
849 793 992 850 Parisinus

84 880 167 934 haee:
191 877 313 934 Suetonii
325 876 478 946 ibouquilli
492 875 525 929 de
536 879 723 946 orummaticis
737 876 805 931 liber
816 879 930 948 primus
941 893 991 932 ex-

82 962 169 1032 plicit.
212 963 333 1032 sequitur
356 959 475 1014 eusdem
501 960 534 1014 do
556 958 711 1015 rhetoribus
732 960 800 1014 tabor
822 957 990 1035 (sectandus)

84 1044 237 1100 Vaticanus
250 1049 320 1104 etus
331 1045 414 1098 haee:
437 1042 519 1098 Liber
529 1045 639 1114 primus
650 1043 720 1114 fluit.
760 1042 883 1100 Suetonii
900 1044 991 1100 Tron-

85 1129 163 1199 quilli
181 1127 306 1182 tuorna·
328 1126 361 1181 de
381 1125 545 1182 Rbeio'ribus
558 1126 641 1180 Liber
661 1125 703 1182 II.
749 1128 850 1183 Verum
871 1129 900 1183 hi
925 1127 992 1184 libri

86 1211 141 1266 levi
159 1217 224 1266 sunt
239 1211 418 1277 auctoritate,
437 1225 469 1264 no
485 1211 554 1265 lidos
568 1210 661 1281 potius
677 1210 713 1266 iis
726 1212 865 1282 habenda,
882 1211 930 1282 qui
946 1212 992 1268 vel

85 1295 154 1350 nihil
175 1293 248 1348 tituli
264 1295 308 1349 val
331 1293 365 1348 do
384 1293 539 1348 rhetoribus
561 1299 664 1350 tantuna
684 1293 873 1363 interserunt,
894 1296 992 1365 quales
1100 1308 1103 1316 ’

86 1385 148 1449 sunt
163 1376 323 1447 Leidensis,
340 1375 497 1446 Gudianus,
513 1376 714 1446 Farnosianus,
728 1377 856 1433 Vaticani
879 1384 949 1438 1518
965 1383 994 1433 et

87 1465 162 1524 1862
178 1460 236 1516 alii.
269 1457 297 1516 is
311 1474 423 1531 quoque
438 1461 544 1528 titulus,
561 1459 609 1530 qui
623 1461 755 1532 vulgares
772 1461 913 1517 editiones
928 1461 993 1517 inde

86 1545 119 1599 ab
142 1543 244 1599 Aldina
276 1543 339 1599 anni
364 1548 432 1602 1508
461 1543 622 1613 oooupavit:
649 1542 678 1600 0.
701 1542 821 1598 Suetonii
840 1544 996 1618 Tranquilli

86 1626 150 1681 libri
163 1627 228 1696 duo,
244 1626 278 1681 de
298 1626 506 1681 illustribus
523 1629 711 1697 orommotiois
724 1632 750 1682 et
769 1628 885 1682 oloris
900 1627 993 1683 rbeto-

85 1710 170 1779 ribus,
186 1710 351 1782 prostremis
365 1710 446 1765 modo
463 1709 558 1765 vorbis
573 1711 754 1765 vetustiorum
769 1711 876 1781 aliquot
890 1711 992 1767 editio·

86 1810 149 1851 unm
162 1793 354 1851 auctoritatem
371 1792 506 1864 sequitur,
521 1793 653 1849 maiorem
668 1800 779 1870 partem·
792 1794 826 1848 ab
835 1793 910 1848 Aldo
925 1808 993 1848 oon-

88 1881 215 1934 oiunatus
231 1885 282 1934 ost.

151 1963 229 2016 liano
253 1961 376 2017 libellum
400 1967 465 2032 post
485 1955 726 2031 Hieronymum²⁷)
749 1960 795 2031 qui
819 1959 923 2029 legerit
947 1960 1088 2021 autsslsvvl,o
1109 1961 1152 2022 KV

88 2045 362 2112 commemoraverit,
383 2046 517 2100 nemiuem
534 2044 607 2100 novi.
651 2043 743 2098 llultis
765 2043 852 2113 igitur
870 2041 994 2098 saeculis
1017 2011 1142 2104 mesibai*

87 2145 138 2202 pro
156 2128 303 2201 deperdito
316 2128 412 2200 haberi
428 2127 533 2197 debuit,
550 2128 640 2182 donee
656 2127 994 2185 oiroitera.1452Enoo

22 2225 24 2229 ·
87 2213 306 2277 besulam,
336 2210 479 2266 Germania
501 2211 643 2281 Daniaque
665 2214 831 2282 peragrata,
855 2227 914 2266 oum
937 2211 993 2266 alia

89 2293 260 2366 antiquitatis
286 2301 457 2349 monumenta
482 2290 533 2367 (de
556 2294 655 2364 quibus
677 2292 788 2348 videndi
812 2293 934 2349 Orellius
959 2293 993 2349 ad

90 2377 235 2434 Ciceronis
258 2377 392 2448 epistolas
419 2377 462 2432 ed.
478 2381 495 2434 2
514 2391 541 2449 p;
560 2376 659 2446 XLlll,
680 2377 836 2432 llassmann
855 2375 889 2432 ad
904 2375 993 2432 'inniti

90 2461 260 2518 Germaniam
281 2477 308 2531 p.
327 2469 357 2519 il
382 2466 410 2516 et
427 2460 456 2514 Τ.
477 2461 626 2517 Mommsen
654 2461 681 2515 in
705 2460 801 2515 blusso
821 2459 954 2514 llhenano
977 2464 994 2517 li

20 2554 31 2561 ”
88 2564 113 2617 p.
126 2540 192 2620 627)
209 2551 264 2604 tum
279 2543 367 2599 Taoiti
384 2544 454 2600 duos
476 2544 600 2614 libellos,
616 2544 650 2598 de
667 2541 812 2599 Germania
830 2542 907 2596 etde
924 2539 994 2597 Ora-

89 2629 212 2696 toribus,
226 2643 286 2682 oum
302 2629 356 2682 hoo
370 2626 548 2695 Suetoniano,
565 2643 618 2683 uno
633 2634 663 2681 ut
676 2627 785 2682 videtur
801 2623 901 2682 eodioe
917 2641 990 2680 eom·

89 2714 256 2783 prehensos,
272 2711 380 2782 reperit
394 2711 421 2765 in
437 2710 599 2782 italiamque
615 2710 714 2764 attulit.
760 2707 833 2765 Vide
848 2709 992 2766 Iovianum

89 2795 238 2853 Pontanutu
254 2810 278 2849 a.
297 2798 365 2852 1460
381 2795 451 2849 haee
471 2794 624 2848 tradentem
639 2793 753 2865 inlrap.
770 2797 830 2851 288.
876 2790 926 2847 cut
943 2809 992 2848 au-

90 2876 160 2934 otori
182 2877 387 2933 assentiendum
405 2875 532 2932 existimo
551 2876 684 2932 relerenti
706 2876 848 2931 mendosos
867 2877 922 2930 ium
938 2881 993 2930 tum

90 2967 114 3016 et
133 2959 310 3032 imperfectos
328 2959 348 3014 i.
373 2977 397 3014 o.
418 2964 539 3015 extrema
566 2965 644 3032 parte
667 2959 808 3017 mutilatos
831 2959 918 3015 luisse
939 2960 991 3014 lros

90 3045 284 3114 grammaticos
305 3047 334 3097 et
347 3043 491 3106 rhetoras;
513 3044 563 3098 sed
579 3044 658 3098 iidem
675 3043 880 3113 denegandam,
901 3058 961 3097 num
978 3058 993 3096 a

90 3128 243 3183 Poleatono
258 3125 390 3181 Patavina
405 3125 656 3183 alterumSuotonii
670 3125 807 3194 oodioom,
825 3125 853 3181 in
870 3141 923 3196 quo
939 3125 993 3182 alia

91 3210 240 3265 illustrium
267 3209 390 3266 virorum
418 3225 484 3280 pars
515 3208 637 3278 inesset,
664 3214 866 3264 concrematum
892 3207 992 3279 arguit.

49 3345 51 3350 “
157 3335 203 3398 27)
223 3334 330 3387 Gellium
355 3351 454 3402 qnoque
477 3337 536 3387 huio
558 3337 642 3388 libello
665 3339 755 3388 debere
780 3339 903 3398 arbitror,
929 3350 994 3399 quae

92 3405 193 3524 iiiiii?
215 3419 266 3457 uon
289 3405 393 3456 nimium
417 3405 551 3472 diligenter
574 3407 605 3455 de
628 3404 786 3471 philosophis
805 3415 829 3454 et
851 3403 993 3455 rhetoribus

831 3539 866 3596 d*
