2412 3876
490 175 594 224 nrvus
612 175 801 224 nueusuus.
970 211 974 218 .
1101 167 1145 228 57

137 342 185 392 ter
203 329 340 390 exhibuit.
374 329 447 390 Nam
463 340 492 389 et
507 332 622 390 invecta
637 329 701 390 urbi
715 330 915 391 Alexandrino
936 330 1078 411 triumpho
1098 351 1143 393 re-

137 417 189 491 gia
204 431 277 491 gana
292 422 398 485 tantan
411 415 524 492 copiam
539 414 714 474 nummariae
726 416 770 474 rei
786 415 894 490 effecit,
911 423 941 474 ut
954 414 1077 474 foenore
1093 415 1143 474 de·

136 500 247 558 minuto
262 497 412 576 plurimum
428 513 564 574 agrorum
579 497 681 575 pretiis
697 501 873 576 accesserit,
896 506 926 558 et
946 497 1143 580 posteaiqusr-

114 635 115 638 ,
137 583 216 660 tiens
232 599 269 640 ex
285 580 481 640 damnatorum
497 578 581 640 bonis
600 581 724 659 pecunia
744 582 952 664 sup-erilfflet,
977 600 1057 642 usum
1081 582 1145 641 eius

114 667 297 742 agratuitum
312 665 347 723 iis
363 666 412 743 qui
428 682 533 724 cavere
556 666 585 723 in
607 663 724 744 duplum
746 675 867 744 possent
889 665 924 726 ad
942 675 1051 726 certum
1072 675 1143 726 tem·

137 768 195 828 pus
214 747 339 808 indulsit.
372 749 543 808 Senatorum
566 765 684 808 censum
704 748 852 829 ampliavit
873 767 908 810 ac
925 766 978 827 pro
993 750 1143 826 octingen-

137 843 235 894 torum
249 833 358 892 milium
380 849 488 892 summa
508 831 667 892 duodecies
682 835 819 892 sestertio
835 835 959 908 taxavit,
983 833 1142 912 supplevit-

138 935 197 995 que
213 934 271 977 non
285 914 468 976 habentibus.
503 914 659 993 Congiaria
674 917 785 995 populo
801 917 971 996 frequenter
986 916 1073 993 dedit,
1090 915 1143 976 sed

138 1002 276 1060 diversae
291 999 355 1060 iere
372 1017 513 1060 summae:
529 999 616 1059 modo
634 1000 863 1078 quadringenos,
886 999 974 1061 modo
994 1010 1142 1076 trecenos,

6 1140 12 1167 ι
101 1104 128 1144 to
139 1101 351 1162 nonnumquam
371 1081 501 1143 ducenos
522 1085 800 1163 quinquagenosque
820 1102 965 1154 nummos;
987 1103 1021 1146 ac
1042 1103 1078 1144 ne
1093 1085 1145 1144 mi·

137 1188 230 1230 nores
247 1167 361 1248 quidem
374 1183 482 1247 pueros
494 1169 652 1245 praeteriit,
671 1171 802 1246 quamvis
813 1169 927 1230 nonnisi
940 1167 976 1229 ab
993 1167 1146 1228 undecimo

139 1254 244 1314 aetatis
266 1268 341 1312 anno
365 1254 502 1330 accipere
527 1263 726 1312 consuessent.
765 1252 948 1314 Frumentum
973 1270 1088 1331 quoque
1113 1253 1143 1310 in

139 1355 272 1398 annonae
289 1335 505 1396 difficultatibus
521 1354 611 1415 saepe
623 1335 781 1417 levissimo,
796 1336 936 1398 interdum
951 1336 1029 1398 nullo
1048 1336 1144 1416 pretio

139 1423 246 1482 viritim
260 1421 413 1482 admensus
431 1430 476 1480 cst
491 1430 677 1500 tesserasque
693 1425 864 1486 nummarias
881 1423 1048 1502 duplicavit.
1083 1420 1143 1482 Sed
1150 1431 1184 1485 dl

101 1526 129 1568 15
142 1515 172 1566 ut
188 1505 334 1588 salubrem
351 1507 444 1583 magis
462 1523 546 1584 quam
563 1506 743 1568 ambitiosum
760 1509 922 1586 principem
940 1508 1047 1584 scires,
1073 1524 1141 1585 que·

139 1600 252 1651 rentem
269 1589 305 1650 de
320 1589 416 1668 inopia
433 1598 461 1648 et
478 1591 597 1650 caritate
612 1592 670 1650 vini
692 1592 828 1671 populum
853 1593 1035 1654 severissima
1059 1608 1141 1653 coer-

141 1677 200 1736 cuit
216 1691 308 1752 voce,
323 1673 403 1734 satis
416 1675 577 1752 provisam
593 1691 740 1754 apenero
755 1693 812 1736 sno
828 1674 972 1755 Aprippa
984 1676 1143 1754 perdentis

136 1757 284 1838 pleribus
307 1759 413 1837 aquis,
440 1776 479 1817 ne
502 1757 639 1818 domines
661 1759 790 1829 sitirent.
826 1759 926 1820 Eidem
949 1760 1059 1838 popula
1076 1777 1143 1838 pro·

139 1845 259 1904 missum
274 1841 388 1921 quidem
405 1843 585 1919 congiarium
600 1845 785 1921 reposcenti,
811 1843 911 1904 bonae
932 1860 966 1903 sc
986 1843 1061 1920 fidei
1077 1860 1146 1902 esse

100 1927 309 2006 aorespondit;
338 1943 395 1986 non
422 1927 595 2004 promissum
614 1935 709 1986 autem
729 1926 870 2004 flagitanti
892 1927 1094 2006 turpitudinem
1115 1935 1145 1985 et

130 2010 344 2090 impudentiam
360 2009 455 2070 edicto
471 2010 659 2088 exprobravit
679 2011 903 2090 affirmauitque,
922 2029 984 2082 non
999 2011 1145 2072 daturam

139 2115 176 2157 se
200 2095 340 2174 qnameis
361 2094 440 2154 dare
462 2094 640 2156 destinaret.
684 2094 748 2154 Nec
768 2097 878 2154 minore
899 2097 1040 2172 gravitate
1056 2103 1145 2172 atque

141 2180 321 2255 constantia,
346 2197 410 2238 cnm
425 2179 578 2256 proposito
595 2179 745 2255 congiario
766 2178 872 2239 multos
892 2181 1081 2240 manumissos
1102 2179 1143 2236 in·

141 2271 298 2340 sartosque
320 2263 424 2322 civium
449 2279 566 2322 numero
596 2264 801 2341 comperisset,
828 2265 946 2340 negavit
969 2271 1144 2341 accepturos

101 2363 131 2404 aa
143 2345 247 2426 quibus
263 2347 434 2424 promissum
449 2363 508 2406 non
525 2354 622 2424 esset,
646 2348 811 2425 ceterisque
832 2348 923 2406 minus
938 2363 1022 2425 quam
1038 2345 1144 2424 promi-

141 2439 222 2490 serat
238 2429 372 2506 deditput
387 2430 529 2490 destinata
544 2448 651 2492 summa
669 2430 827 2490 sufficeret.
849 2430 954 2506 lllagna
967 2446 1038 2489 vero
1054 2445 1143 2507 quon·

141 2516 206 2575 dam
223 2513 375 2574 sterilitate
390 2533 426 2574 ac
441 2513 551 2574 diiiicili
565 2512 712 2590 remedio,
730 2532 792 2574 cum
810 2513 968 2574 venalicias
986 2522 1014 2572 et
1029 2513 1143 2572 lanista·

139 2617 204 2659 rum
220 2597 342 2657 familias
358 2598 590 2677 peregrinosque
605 2615 715 2673 omnes,
732 2599 865 2675 exceptis
881 2596 1001 2660 medicis
1015 2605 1043 2655 et
1059 2612 1144 2673 prae·

143 2679 325 2760 ceptoribus,
340 2683 501 2761 partimque
517 2683 699 2741 servitiorum
713 2681 784 2740 urbe
796 2681 970 2760 expulisset;
987 2690 1015 2741 ut
1030 2678 1144 2740 tandem

104 2782 131 2826 so
143 2782 257 2826 annona
275 2765 428 2843 convaluit,
443 2765 585 2843 impetam
601 2783 635 2825 se
647 2765 766 2841 cepisse
777 2763 876 2824 scribit
889 2762 1145 2842 frumentationes

133 2847 288 2932 upablieas
300 2850 333 2910 in
347 2855 529 2928 perpetuam
545 2847 708 2923 abolendi,
726 2849 810 2928 qnod
823 2866 931 2908 earnm
942 2847 1061 2926 fidncia
1079 2844 1142 2906 eal-

80 2949 84 2956 ·
141 2939 216 2995 tara
237 2950 385 3012 aprornm
408 2938 561 2994 cessaret.-
583 2950 681 3012 neqne
702 2939 802 2993 tamen
812 2949 1049 3012 perseverasse,
1070 2929 1146 3009 qnia

131 3022 259 3088 certam
273 3015 403 3078 baberet
415 3025 488 3096 post
502 3035 536 3076 se
553 3035 613 3097 per
634 3014 828 3078 ambitionem
851 3017 1035 3096 qnandoqne
1054 3012 1143 3074 resti·

133 3101 202 3161 lai..
241 3101 338 3180 Atque
367 3104 406 3161 ita
432 3101 554 3180 posthac
579 3119 641 3161 rem
660 3102 847 3180 temperavit,
874 3109 905 3160 ut
923 3119 982 3162 non
1007 3099 1146 3158 minorem

2 3181 6 3204 ²
88 3223 91 3230 ι
104 3195 133 3238 ³5
141 3194 289 3252 aratorum
306 3203 341 3246 aa
356 3186 563 3263 negotiantium
577 3202 662 3264 quam
677 3184 778 3264 populi
794 3185 936 3244 rationem
950 3183 1117 3244 deduceret.

152 3303 155 3308 -
177 3263 447 3349 §.Spectaculorum
462 3279 492 3330 et
508 3269 676 3330 assiduitate
690 3277 720 3328 et
735 3263 874 3328 varietate
891 3277 921 3327 et
933 3264 1146 3344 magnificentia
1153 3275 1190 3329 43

142 3369 244 3413 omnes
261 3354 428 3414 antecessit.
465 3352 590 3414 Fecisse
604 3370 639 3412 se
653 3351 745 3415 ladas
762 3354 801 3412 ait
814 3368 871 3413 sno
886 3350 1008 3411 nomine
1024 3353 1143 3428 qnater,

137 3455 201 3516 pro
222 3436 295 3498 aliis
309 3436 562 3518 mapistrotibas,
578 3437 632 3516 qni
645 3442 702 3498 ant
715 3434 860 3496 abessent
874 3440 929 3494 ant
943 3453 1005 3496 non
1022 3430 1143 3510 saffica·

148 3563 409 3698 &3⁸2³th
433 3576 509 3674 amq
533 3571 645 3642 aba]
673 3567 798 3634 itii.
