2416 3876
130 190 192 252 302
406 203 435 250 ο.
459 203 623 253 suuuouu
644 201 855 260 uuunomuur

197 359 299 409 Praeter
317 357 364 409 hos
383 359 468 408 decem
487 359 573 408 titulos
591 359 659 424 apud
677 357 782 408 Suidem
797 357 943 408 coniunctos
960 357 989 407 hi
1007 355 1065 407 iere
1082 355 1139 406 libri

131 426 277 478 Suetoniuui
290 427 433 477 enumerari
444 441 521 494 posse
533 427 663 476 videntur.

190 507 239 568 XI.
285 505 342 586 [ολ
361 500 464 569 πάλαι
480 503 592 577 Λυδοὶ
618 499 882 609 διειργάσανπο]
900 503 955 571 καὶ
979 500 1060 582 τούς
1075 530 1119 570 stoc

128 587 314 696 λονμένονς
329 583 498 664 σάνιλνιιας
511 589 658 670 (χιτῶνες
676 573 747 654 δὲ
726 603 813 691 nouo
827 581 882 654 ὑπ’
898 583 1011 654 αὐτοῖν
1033 583 1139 689 εὑρη-

128 672 239 774 μένοι,
254 673 358 737 λινῶν
372 668 434 776 μὲν
449 671 485 736 ολ
497 671 724 774 διειδέσοατρι,
735 671 904 750 σοι’νδνιιος
919 670 955 738 tie
967 675 1062 777 χυλῷ
1077 697 1138 756 της
1151 707 1164 746 5

128 753 284 858 βοτάνης
289 752 557 858 καταβρλπιονιες
584 749 722 832 αὐτούς·
749 751 947 854 σαρκοειιλὴς
962 752 1031 822 δὲ
1015 783 1033 824 o
1048 757 1140 858 χροὸς

128 841 185 925 τῆς
202 837 357 925 βοτάνης)
372 833 430 916 οὓς
446 840 483 905 αλ
494 851 650 942 γυναῖκες
664 841 863 905 roivAorioio
875 843 993 948 pppopi
1007 843 1054 930 epi
1067 839 1138 906 σοί-

40 974 80 1014 ²,
129 947 206 1009 poteo
232 920 479 1002 ἐπισκιάζουσαι
499 917 601 988 οὐδὲν
629 919 692 1007 pio
717 916 909 990 ἐδόκονν”
885 919 1007 1034 ηολέρα
1026 913 1140 1009 μόνον

130 1003 642 1195 tttttiitit‘tttigtiioit
667 1005 1175 1190 λλιλλλῗξιλλλλλλὲἕῗέι

129 1178 210 1242 τοῖοι
225 1175 453 1276 περιβαλοῦσα
463 1169 612 1258 Ὀμφαλη
629 1171 709 1240 nori
726 1157 868 1259 αἰσχροῖς
884 1175 1010 1283 ἐρωντα
1030 1201 1139 1278 stape-

126 1259 274 1364 θήλννε·
310 1255 413 1363 ταύτῃ
436 1257 491 1325 καλ
518 1253 664 1324 Σανὸὠν
682 1251 848 1344 Ἡρακλῆς
873 1252 1060 1345 ανηνέχθη,
1094 1285 1138 1336 οις

125 1335 358 1450 Ἀπουλήιος
342 1367 359 1408 ο
378 1335 534 1446 Ριομαῑος
556 1338 761 1444 φιλόσοφος
763 1343 800 1408 ἐν
817 1367 861 1446 ορ
848 1343 1138 1442 ἐπιγραφομένῳ

125 1419 288 1528 Ἐρωτικῷ
314 1424 369 1493 καὶ
399 1421 575 1530 Τρολγιινλλ
577 1450 613 1502 09
643 1423 680 1492 (λλ
687 1421 765 1527 πρὸ
785 1421 891 1493 αὐτοῦ
915 1427 952 1492 ἐν
973 1452 993 1492 τ
1005 1409 1140 1512 περὶ

130 1496 341 1596 ἐπισήμων
363 1511 531 1596 πορνῶν
552 1502 802 1594 ἀνενηνόχασιν.
842 1453 1136 1577 Ιοαιιιιοολλοιινοιι
1152 1541 1181 1582 ιο

131 1603 191 1662 tius
205 1597 310 1678 Lydos
325 1599 363 1659 de
377 1600 550 1679 mopietrot
568 1599 656 1662 Rom.
675 1607 701 1674 3,
718 1607 766 1662 o4.

191 1699 255 1760 XII.
287 1699 449 1760 Secundum
466 1699 657 1760 Suetonium
649 1717 677 1758 ru
693 1699 767 1758 libro
784 1700 945 1760 devitiis
961 1717 1138 1778 corpo-ra·
1201 1735 1205 1740 =

131 1786 226 1846 libus
238 1785 334 1844 arvino
346 1793 391 1843 est
403 1785 509 1862 pingue
518 1785 628 1859 durum,
642 1783 719 1861 quod
733 1792 778 1843 est
788 1785 966 1844 intercutem
978 1793 1007 1843 et
1019 1785 1137 1853 visous;

130 1870 177 1930 ulii
193 1868 309 1930 arvinae
325 1869 439 1928 nornine
456 1867 576 1927 laridum
595 1867 702 1927 diouut.
721 1866 851 1928 Servius
866 1867 910 1928 od
922 1866 998 1928 Aeo.
1016 1877 1048 1940 7,
1067 1875 1136 1928 627.

194 1952 295 2030 Hirqui
317 1947 407 2030 {Hirci
429 1950 585 2030 Isidorus]
615 1960 679 2011 suut
695 1952 843 2012 oculorum
861 1951 958 2030 auguli
974 1951 1136 2010 secuudum
1148 1949 1173 2010 ιι

131 2038 297 2098 Suetonium
313 2035 510 2113 Tranquillum
531 2036 559 2095 iu
574 2036 678 2094 vitiis
696 2036 970 2114 corporalibus.
1003 2033 1139 2096 Servius

131 2121 175 2180 od
185 2119 273 2199 Vero.
289 2115 357 2179 Εολ
375 2127 401 2192 3,
415 2125 443 2179 3.
472 2118 618 2180 Isidorus
632 2120 751 2198 etymol.
771 2127 816 2195 12,
836 2128 861 2195 1,
880 2129 925 2180 14.

191 2202 265 2263 Ulua
280 2204 399 2280 proprie
415 2210 460 2264 est
475 2203 610 2281 spritium,
627 2204 655 2262 iu
670 2211 805 2283 quantum
826 2213 948 2281 utruque
970 2203 1139 2264 extenditur

130 2305 273 2348 munus..
291 2285 386 2348 ‚licet
409 2286 565 2347 Suetonius
588 2287 681 2348 ulnam
705 2286 829 2347 subitum
845 2287 916 2347 velit
930 2305 999 2346 esse
1013 2296 1138 2346 tuntum·

129 2372 225 2432 ruodo
257 2368 386 2466 Seroiop
402 2369 446 2432 od
465 2369 552 2467 Vorp.
573 2367 641 2431 uct.
659 2379 687 2446 3,
703 2379 768 2431 1155.
907 2383 908 2386 ’
1149 2388 1177 2428 οι

194 2451 328 2516 Graeci
314 2443 405 2533 ιερόν
427 2443 567 2530 ὀστοῦν,
589 2415 744 2514 Suetonius
760 2451 944 2531 Tranquillus
960 2457 1073 2533 spinum
1091 2473 1138 2514 su-

131 2559 208 2602 oram
224 2538 362 2619 appellat.
389 2538 455 2615 Ego
470 2557 516 2600 ure
531 2556 627 2616 neque
640 2537 781 2599 Grueouru
796 2555 892 2616 neque
903 2538 1034 2600 Latinum
1045 2556 1137 2599 voua-

129 2625 226 2685 bulum
237 2623 323 2683 ullius
335 2621 454 2682 membri
468 2638 557 2682 nosse
572 2622 705 2697 mallem,
722 2622 788 2682 dum
803 2623 884 2683 istius
898 2621 1009 2683 doloris
1025 2640 1139 2701 expers

128 2711 215 2768 vitam
227 2707 264 2767 de
288 2725 375 2766 erem.
402 2706 517 2767 Fronto
534 2706 577 2766 od
587 2707 704 2767 omioos
722 2715 738 2766 1
748 2725 782 2784 p.
798 2713 855 2768 288
869 2705 956 2767 Rom.
974 2703 1015 2784 of.
1034 2722 1140 2784 sopra

129 2811 160 2872 p.
179 2725 288 2863 Ἀλλ.
316 2788 460 2852 isidorus
478 2790 596 2870 etymol.
616 2799 660 2866 11,
679 2799 704 2866 1,
718 2796 765 2851 96.
1148 2813 1174 2855 οι

146 2907 148 2912 ·
192 2887 269 2950 ΧΙΙΙ.
302 2909 390 2969 puer,
408 2891 509 2969 pueri}
534 2889 621 2950 Cuius
636 2891 801 2950 femiuiuuru
816 2907 906 2969 puero
927 2889 1064 2950 dicebaut
1087 2907 1139 2948 au-

132 2977 220 3056 tiqui,
237 2973 312 3033 uude
329 2983 358 3034 et
374 2991 517 3053 puerpera
535 2974 639 3034 dieitur
654 2992 729 3053 quae
744 2992 864 3052 puerum
880 2973 929 3032 vel
946 2991 1065 3052 pueram
1087 2990 1139 3050 pu·

133 3061 169 3119 rit
187 3105 193 3118 .
214 3101 246 3115 ..
269 3057 353 3130 Quod
375 3057 546 3136 comprobat
566 3060 651 3118 etiarn
673 3059 845 3132 Suetonius,
873 3057 1005 3117 diversos
1022 3073 1141 3135 ponens

133 3161 202 3204 usus
219 3143 246 3200 in
266 3142 340 3203 libro
363 3144 411 3220 qui
433 3151 478 3201 est
499 3143 541 3201 de
558 3143 808 3201 institutione
829 3140 1060 3201 officiorum.
1092 3138 1140 3200 Li·

131 3227 196 3286 vius
207 3227 235 3284 iu
251 3223 390 3300 Odyssia:
421 3225 494 3286 Meo
510 3241 628 3303 puero,
646 3224 722 3306 quid
734 3224 823 3286 oerbi
838 3243 877 3285 eo
892 3231 944 3286 too
963 3243 1019 3286 oro
1034 3239 1139 3302 supra
1149 3239 1177 3281 ss

131 3308 230 3388 sopit?
259 3308 337 3368 Idem
353 3309 437 3369 olibi:
457 3308 630 3370 Puerorum
643 3307 786 3370 monibus
801 3308 971 3388 confectum
990 3307 1138 3388 putcher-

132 3392 217 3452 rime.
246 3390 311 3450 Nou
327 3402 482 3453 esttamen
500 3391 707 3468 ignorandum,
730 3393 808 3470 quod
829 3395 913 3452 etiam
935 3393 981 3453 hio
997 3409 1140 3472 pueros

134 3483 163 3532 et
177 3473 225 3532 hio
240 3481 268 3531 et
288 3473 378 3534 huso
401 3492 491 3553 puer
512 3477 698 3536 vetustissimi
717 3476 875 3554 protulisse
893 3478 1094 3554 inveniuntur,
1110 3484 1140 3534 et
