2408 3870
202 141 269 198 v111
544 151 751 201 PRAEFATIO.
781 145 784 151 ⁴

1191 209 1203 293 l

201 296 361 384 φιλόλογον
375 313 472 383 pala,
484 317 509 372 6·
529 309 751 380 303,15(111111.
776 309 875 367 Libros
890 328 945 369 non
961 318 1024 369 ante
1042 330 1120 385 qua·
1199 370 1203 395 ,ἵ

202 393 389 464 dragesimam
404 394 503 451 aetatis
518 411 616 450 aunum
634 393 736 463 edidit,
751 393 801 460 sed
813 393 913 450 dudum
926 395 1052 452 seribere
1068 397 1116 452 irr-

202 477 332 535 stituerat
357 479 471 534 libellos
494 478 626 550 quosdam
648 495 663 534 a
685 477 774 534 Plinio
797 478 942 536 admodum
965 477 1116 536 desidera·
1201 471 1203 494 ¹

203 566 262 624 tos;
279 562 326 632 qui
344 562 481 618 fuerintne
498 561 533 617 de
546 559 620 616 Viris
635 560 790 616 illustribus
806 576 839 616 an
849 561 897 617 alii
910 555 964 617 no'n
977 561 1117 632 decerno,

203 651 281 700 certe
296 646 331 700 de
347 646 404 702 vita
421 644 568 702 Caesarum
585 637 727 714 aliquarito
741 651 806 716 post
821 645 916 700 edidit.

264 727 353 784 Plinio
378 735 486 784 mortno
508 727 682 798 Tranquillus
708 727 743 782 ad
765 726 794 784 C.
823 725 984 802 Septicii
1011 727 1115 786 Clari

202 811 351 868 amicitiam
367 818 448 883 alque
465 811 558 868 ollloia
573 811 694 880 transiit,
710 811 754 866 eui
771 811 942 883 iampridem
954 818 985 867 11
1000 813 1113 870 amicis·

169 928 171 931 ·
202 894 273 952 simo
293 895 375 951 Plinii
401 911 482 951 carus
504 911 568 950 esse
586 893 690 950 debuit.
734 895 762 951 ls
787 902 927 968 1111119
949 895 1115 970 praelectus

202 979 345 1051 praetorio
372 979 461 1035 lactus
483 978 670 1048 Tranquillum
693 977 731 1034 ita
752 979 920 1050 promeritus
942 985 1002 1050 est,
1021 985 1053 1034 ut
1076 981 1115 1036 de

202 1061 260 1117 vita
276 1059 425 1128 Caesarum
446 1063 537 1118 libros
554 1061 618 1116 Vlll
640 1063 666 1116 ei
682 1063 803 1118 mitteret
823 1079 850 1133 p.
866 1068 934 1132 186,
949 1070 982 1128 3;
1006 1063 1113 1136 qnippe

204 1143 329 1216 Septicio
360 1146 477 1201 maxime
507 1145 699 1201 intercedente
726 1145 828 1202 lactum
857 1163 921 1202 esse
944 1147 1056 1204 videtur
1083 1153 1114 1202 ut

204 1228 444 1300 epistularum
459 1227 859 1300 magisterinmsimulque
875 1229 1112 1287 nonmedioerem

203 1313 312 1384 gratiae
328 1312 418 1368 locum
435 1313 507 1385 apud
523 1313 690 1368 Hadrianum
705 1311 861 1384 principem
876 1331 902 1386 p.
920 1319 970 1383 40,
985 1319 1019 1370 22
1037 1314 1112 1370 obri.

203 1402 300 1466 neret,
323 1397 395 1451 nude
418 1413 482 1452 mox
504 1414 556 1452 una
580 1412 639 1450 cum
661 1397 750 1450 amico
772 1391 896 1452 deiectus
919 1404 970 1452 est.
1016 1397 1112 1452 Refert

203 1479 276 1534 enim
289 1479 451 1551 Spartianus
467 1497 527 1552 oap.
542 1487 584 1548 11,
598 1479 765 1534 Hadrianum
782 1479 960 1549 ebritannia‚
976 1481 1023 1536 ubi
1039 1496 1114 1538 anno

203 1567 252 1619 121
270 1579 346 1618 muro
362 1581 412 1636 per
424 1563 517 1620 LXXX
535 1563 609 1618 milia
624 1579 754 1634 passuum
770 1563 896 1619 ducendo
912 1561 1033 1619 intentus
1049 1565 1111 1619 iue-

202 1645 256 1715 rit,
280 1646 406 1718 Septicio
422 1646 504 1702 (lluro
519 1647 665 1718 praelecto
680 1645 815 1717 praetorii
830 1653 858 1702 el
873 1643 1007 1704 Suetonio
1025 1647 1109 1703 Pran-

203 1729 291 1801 quillo
314 1730 493 1802 epistularum
518 1729 652 1800 magistro
676 1729 825 1800 multisque
851 1729 931 1799 aliis,
952 1745 1022 1801 quos
1037 1729 1110 1802 apud

202 1813 333 1868 Sabinam
356 1830 471 1870 uxorem
493 1813 600 1869 iniussa
621 1829 672 1868 suo
694 1812 859 1869 familiarius
879 1829 911 1867 so
933 1817 997 1867 tunc
1015 1813 1111 1884 egisse

202 1903 371 1967 cognosset,
399 1914 478 1967 quam
505 1885 664 1952 reverentia
685 1898 781 1952 domus
807 1896 915 1950 aulicae
944 1897 1109 1967 postularet,

201 1995 382 2035 successores
399 1981 521 2035 dedisse.
567 1979 706 2036 llorosam
725 1979 843 2034 enimet
863 1996 990 2051 asperam
1012 1979 1111 2034 mulie·
1202 2023 1203 2050 3

201 2079 259 2118 rem
277 2078 406 2134 perosus,
423 2063 486 2134 quia
500 2063 640 2120 dimilteru
655 2061 784 2136 principe
799 2079 830 2118 se
845 2079 899 2118 nou
915 2063 983 2118 satis
998 2063 1109 2132 dignum
1138 2081 1143 2091 ¹
1200 2051 1203 2072 ⁴

201 2145 394 2215 existimabat,
420 2153 447 2200 et
470 2147 544 2203 omni
569 2153 765 2202 extraneorum
783 2153 865 2201 coetu
891 2146 1034 2216 prohibuit
1058 2160 1109 2200 nec

199 2235 290 2285 tamen
309 2229 465 2300 despicatui
481 2247 544 2286 esse
562 2231 661 2286 aulicis
679 2245 779 2304 passus
796 2235 848 2288 est.
888 2228 1037 2284 Suetonius
1054 2244 1109 2299 quo
1202 2211 1203 2250 ³

199 2318 326 2383 tempore
341 2312 412 2367 banc
423 2315 603 2370 acerbitatem
617 2313 753 2387 principis
770 2318 902 2384 expertus
918 2318 962 2368 est
976 2312 1109 2382 quinqua·
1140 2365 1150 2373 ,

199 2395 332 2466 genutius
359 2395 429 2466 ruit,
458 2398 590 2468 vitaeque
613 2397 686 2468 quod
713 2395 766 2451 luit
793 2397 929 2466 reliquum
956 2395 1108 2450 litterarum

198 2479 292 2536 studio
309 2479 580 2552 conscribendisque
596 2479 677 2535 libris
695 2479 809 2534 dedisse
824 2479 944 2534 ridetur.

260 2561 445 2621 Nouissimam
461 2564 518 2620 vivi
533 2564 701 2622 mentionem
713 2562 814 2617 iactam
829 2562 913 2618 video
926 2579 942 2618 a
953 2563 988 2620 Μ.
999 2563 1062 2618 Fro
1072 2579 1108 2616 n-
1201 2559 1203 2564 ’

199 2653 282 2702 1111
298 2647 327 2701 11
346 2648 466 2719 epistula
482 2647 516 2705 ad
528 2647 563 2704 ul.
576 2646 721 2703 Aurelium
738 2646 944 2702 adulescentem
960 2647 1035 2716 data,
1051 2645 1108 2701 edi-

198 2730 285 2786 tionis
297 2729 516 2788 llediolanensis
532 2750 558 2803 p.
572 2738 633 2799 103,
650 2728 787 2784 Roman'ae
803 2747 830 2801 p.
843 2733 904 2799 174,
919 2729 1107 2785 berolinensis

198 2831 226 2886 p.
244 2819 287 2873 16.
323 2813 389 2869 Eam
408 2815 555 2887 epistulam
569 2812 719 2887 postremis
734 2813 865 2868 lladriuni
882 2813 961 2868 annis
980 2812 1109 2884 scriptam-

100 2921 101 2925 *
202 2897 299 2954 statuit
316 2897 497 2968 Niebuhrius,
513 2898 634 2953 fortasse
649 2896 754 2952 rectius
770 2896 867 2966 primls
881 2896 923 2952 Pii
932 2895 1107 2968 'temporibus

202 2981 356 3037 tribuisset.
402 2981 463 3036 Fuit
479 2982 589 3053 quidem
605 2979 708 3035 vetusti
731 2979 838 3035 codicis
853 2979 956 3052 pagina
972 2979 1020 3036 illa
1041 2981 1110 3036 adeo

202 3063 383 3135 oblitterata,
397 3070 428 3119 nt
441 3081 529 3136 pauca
545 3064 603 3134 legi
618 3062 761 3135 potuerint
776 3079 864 3135 eaque
879 3080 976 3136 parum
990 3064 1064 3119 inter
1078 3079 1107 3118 se
1202 3133 1203 3136 Ἴ

202 3148 394 3204 cohaerentia.
437 3149 540 3203 Verum
557 3165 616 3204 eura
633 3147 719 3204 rerba
738 3153 838 3220 reputo
859 3140 1048 3220 *Tranquilli
1066 3147 1107 3200 in-

202 3231 338 3296 dustriae,
360 3232 409 3304 qui
419 3231 474 3284 nisi
485 3233 570 3286 selret
580 3235 681 3303 quanio
698 3245 783 3302 opere
796 3246 840 3286 me
854 3232 996 3304 adiperos,
1016 3231 1107 3286 colun·

202 3318 305 3372 tarnem
322 3315 374 3370 boo
390 3317 524 3384 nepotinm
538 3313 590 3369 sibi
600 3330 749 3386 numquam
762 3318 925 3386 expetisset,
941 3316 1061 3385 itemque
1076 3329 1107 3368 ea

202 3416 274 3472 qnae
291 3398 464 3471 praecedunt
476 3395 585 3454 Invenit
600 3403 689 3452 antem
703 3412 746 3452 nro
762 3398 956 3472 Trasumennus,
978 3414 1039 3454 enm
1053 3394 1106 3469 (ri-
