2416 3876
296 621 392 721 DE
434 623 933 721 RHETORIBUS.

523 853 707 862 ——..-—-——-=

83 1007 100 1060 l
177 995 335 1056 Rhetorica
348 1012 463 1073 quoque
473 994 548 1074 apud
560 995 613 1054 no's
625 994 746 1073 perinde
758 1002 846 1072 atque
856 995 1043 1071 grammatica
1057 992 1128 1051 fero
1163 1011 1164 1015 ¹

115 1088 234 1157 recepta
250 1088 311 1155 est,
326 1078 413 1157 paulo
425 1081 510 1138 etiem
523 1077 685 1155 difficilius,
701 1080 810 1158 quippe
821 1095 904 1156 qnam
920 1085 1036 1138 constet
1051 1093 1126 1136 non·

115 1181 255 1240 nunquam
268 1165 353 1223 etium
369 1161 541 1238 prohibitam
557 1163 700 1222 exemeri.
731 1161 814 1237 Quod
829 1179 867 1220 ne
882 1163 928 1222 cui
941 1159 1057 1220 dubium
1074 1162 1124 1236 sit,

115 1255 199 1305 vetus
220 1247 250 1305 S.
270 1244 302 1307 G.
326 1248 394 1304 item
418 1247 581 1306 censorium
607 1246 731 1307 edictum
750 1245 914 1305 nuntiatam:
946 1243 980 1304 O.
999 1243 1152 1305 Fannio⁵

115 1328 270 1392 Strabone
281 1327 322 1389 M.
340 1326 463 1390 Valerio
475 1328 616 1390 messum
631 1348 713 1391 cono.
735 1329 777 1390 M.
791 1322 978 1407 Pomponius
988 1333 1127 1407 praetor
1202 1323 1204 1350 ¹

116 1419 255 1474 cenatum
267 1412 429 1474 consuluit.
446 1411 538 1486 Quod
547 1411 645 1474 vada
654 1413 746 1492 sacta
757 1419 828 1474 runt
840 1413 878 1473 de
884 1410 1082 1492 philosophie
1095 1417 1127 1470 et

116 1497 302 1573 rhetoribus,
313 1496 397 1558 deca
405 1498 691 1574 reitacenencrunt,
702 1498 784 1560 utM.
793 1495 981 1575 Pomponiae
990 1502 1127 1574 praetor

118 1581 375 1642 animaduerteret
387 1595 588 1662 carmenque,
609 1589 644 1642 ut
654 1583 683 1642 ri
691 1583 726 1643 ei
738 1602 755 1644 e
767 1600 804 1642 re
816 1600 847 1661 p.
860 1580 987 1660 fideque
1000 1597 1061 1640 rua
1074 1579 1124 1638 ai·

60 1691 101 1778 tt
117 1665 1164 1827 transmittendamtitiitttttttttttat¹⁰

118 1833 284 1894 edixerunt:
302 1834 518 1894 omentorum
532 1833 693 1910 ennodio,
709 1851 778 1896 esre
793 1833 930 1897 homines
945 1832 998 1910 pai
1009 1849 1126 1892 nonum

115 1935 214 1997 penae
225 1916 411 2016 disciptinae
429 1918 640 1994 instituerunt,
661 1919 704 1979 ad
717 1935 795 2016 onoc
817 1915 984 1978 iuventae
972 1935 1004 1975 m
1016 1915 1126 1976 tadum

118 2001 301 2071 conveniam·
334 2019 388 2062 eoe
413 2001 476 2062 eibi
500 2020 610 2064 nomen
641 2002 827 2080 imposuisse
857 1997 990 2060 Latinae
1015 1999 1124 2060 raeto-

116 2101 196 2153 rac,
188 2084 258 2144 ibi
269 2084 405 2145 dominer
424 2085 670 2148 adolescentulos
689 2086 757 2148 dier
777 2081 1160 2147 totoedoeiderc.d1a·u

117 2167 202 2227 iores
222 2167 334 2244 nostri,
356 2185 437 2247 quae
455 2168 571 2230 liberor
592 2187 667 2230 enoc
689 2171 810 2231 discere
831 2175 860 2229 et
880 2186 957 2247 quos
977 2167 1010 2228 in
1032 2167 1126 2228 iudos

117 2251 199 2310 itare
211 2250 338 2328 callent,
354 2252 558 2314 instituerunt.
593 2251 682 2314 Haec
695 2269 795 2330 noco,
813 2270 894 2332 puae
906 2257 1033 2329 praeter
1050 2269 1124 2311 con·

118 2333 309 2394 suetudinem
324 2353 363 2397 ac
377 2355 490 2398 morem
505 2337 657 2398 maiorum
669 2337 763 2415 punt,
780 2354 876 2416 neque
885 2336 1013 2412 placent
1028 2352 1128 2413 neque

117 2426 205 2480 recta
218 2418 370 2480 uidentur.
410 2418 610 2498 Quapropter
631 2421 715 2481 otiis
736 2421 788 2500 qai
808 2439 862 2482 eor
888 2419 979 2480 iudos
997 2418 1124 2494 nabent,

118 2509 148 2564 et
175 2503 216 2563 iio
236 2503 289 2581 qui
313 2522 349 2564 co
370 2505 476 2566 venire
505 2511 706 2581 conruerunt,
735 2503 857 2564 uidetur
881 2502 1066 2581 faciundum
1089 2509 1160 2562 atro

119 2586 348 2648 ostenderemus
358 2595 499 2649 noctram
516 2589 712 2664 sententiam,
727 2586 820 2649 nodio
832 2605 894 2648 non
905 2587 1044 2666 placere.

36 2672 52 2754 t
80 2676 99 2742 tt
179 2668 318 2741 Paulatim
333 2673 381 2730 et
373 2690 437 2751 ipsa
452 2673 529 2733 utilis
545 2673 724 2751 honestaque
736 2674 886 2751 apparuit,
905 2671 1043 2748 multique
1060 2687 1125 2729 eam

119 2763 148 2814 et
165 2753 302 2831 praesidii
318 2773 406 2816 causa
423 2765 452 2816 et
468 2757 582 2834 gloriae
598 2759 810 2836 appetiverunt
841 2753 946 2815 Cicero
959 2754 995 2814 ad
1010 2763 1125 2833 praetu-

118 2855 177 2896 ιιιιι
199 2831 294 2915 nique
313 2841 399 2900 etiam
426 2839 536 2900 Graece
562 2841 772 2915 declamitant
799 2838 898 2899 Latine
928 2854 1001 2897 vero
1025 2855 1126 2896 semor

119 2938 234 3000 quoque
255 2922 413 3002 etquidem
431 2942 494 2984 cum
516 2924 685 2996 oonsulibus
694 2923 792 2989 Hirtio
814 2931 843 2982 et
857 2922 965 2998 Pansa,
989 2939 1062 2999 quos
1076 2919 1122 2979 di·
1132 2937 1159 2977 ιι

41 3037 44 3044 ·
117 3004 258 3082 cciputoc
272 3013 302 3067 ct
316 3006 449 3087 prandio
464 3015 680 3085 praetentatoe
705 3007 852 3068 vocabat
873 3004 933 3065 GN.
955 3005 1124 3082 Pompeium
1175 3075 1180 3082 ι

120 3088 233 3167 quidam
250 3082 382 3151 historici
396 3091 573 3151 tradiderunt
586 3092 663 3162 sub
654 3109 747 3170 ipsum
764 3090 851 3151 civile
866 3088 987 3166 bellum,-
1007 3105 1065 3166 quo
1082 3088 1123 3147 ia-

120 3170 254 3233 ciliusG.
274 3173 391 3235 Curioni
407 3177 622 3254 promptissimo
648 3177 760 3251 iuveni,
786 3191 901 3234 causam
918 3171 1054 3232 caesaris
1074 3170 1122 3230 de-

119 3253 262 3335 fendenti,
282 3257 496 3319 contradiceret
502 3261 668 3337 repetisse
678 3257 856 3318 deciamandi
870 3255 1122 3324 consuetudinem

119 3337 157 3397 Μ.
169 3339 345 3417 Antonium,
359 3343 427 3401 item
441 3340 602 3419 Augustum
616 3360 653 3400 ne
664 3341 817 3401 Μιιιιιιιιιιιι
830 3339 944 3418 pardem
957 3339 1037 3399 bello
1053 3340 1121 3398 omi·
1110 3351 1158 3392 -ιι

4 3457 9 3514 ?.
120 3422 205 3478 sisse·
234 3423 313 3486 Nero
331 3423 441 3485 Caesar
457 3427 550 3503 primo
569 3427 789 3503 imperitando,
811 3423 929 3501 publice
943 3439 1062 3502 quoqne
1078 3421 1122 3480 bis
