2412 3876
515 143 767 195 u1vus1uu1us.
830 129 845 160 '
1105 133 1149 194 25

144 309 202 378 tat,
222 317 286 360 cum
307 296 415 360 Caesar
436 299 576 380 pleraque
597 309 626 360 et
645 318 718 380 quae
736 319 790 380 per
808 300 883 362 alios
904 309 986 362 eraut
1004 309 1091 378 qesta
1105 309 1148 362 te·

141 402 223 444 mere
243 382 416 460 crediderit,
438 391 555 463 etquue
570 402 684 463 perse,
705 385 755 445 vel
772 385 907 446 consulto
923 384 971 445 vel
989 387 1074 446 etiam
1087 401 1147 446 me·

142 469 236 530 moria
255 467 354 547 lapsus
375 485 531 549 perperam
552 468 690 538 ediderit;
716 469 918 548 existimatque
938 471 1149 549 rescripturum

142 561 172 613 et
187 559 387 612 correcturum
400 553 501 613 luisse.
545 553 674 632 Reliquit
691 561 721 613 et
736 553 774 614 de
786 541 945 632 Δπαὶορἰα
963 553 1037 614 duos
1055 552 1153 614 libros

116 646 173 696 eet
188 634 389 697 Anticatones
403 635 538 713 totidem,
554 655 589 698 ac
604 646 758 716 praeterea
772 653 877 716 poema
890 637 968 716 quod
982 636 1151 698 inscribitur

139 717 216 782 Iter.
258 719 386 794 Quorum
405 719 545 781 librorum
564 722 673 800 primos
688 723 718 782 in
740 723 861 783 transitu
875 720 1007 800 Alpium,
1030 739 1094 782 cum
1109 739 1150 781 cx

141 805 281 865 citeriore
305 803 397 866 Gallia
419 805 610 866 conventibus
632 808 760 885 peractis
781 804 818 866 ad
843 807 1002 866 exercitum
1027 804 1149 882 rediret,

140 897 299 969 sequentes
320 887 373 949 sub
395 897 508 969 tempus
529 888 697 966 Mundensis
716 889 822 969 proelii
842 889 928 960 rectu
950 889 1150 966 novissimum,

141 973 207 1036 dum
220 972 255 1032 ab
271 972 343 1032 urbe
359 974 388 1032 in
402 971 570 1052 Hispaniam
583 972 752 1034 ulteriorem
766 981 867 1052 quarto
881 981 911 1033 et
925 975 1085 1034 vicensimo
1101 973 1152 1032 die

104 1058 287 1137 supervenit.
330 1055 482 1135 Epistulae
501 1075 617 1137 quoque
641 1056 758 1120 eiusad
781 1065 911 1118 senatum
935 1065 1050 1134 extant,
1077 1075 1150 1138 quas

38 1141 42 1148 '
141 1142 251 1222 primus
269 1140 383 1201 videtur
404 1140 440 1202 ad
461 1143 582 1220 paginas
597 1150 627 1202 et
646 1142 767 1204 formam
780 1141 957 1203 memorialis
970 1140 1063 1203 libelli
1078 1159 1148 1202 con-

140 1225 285 1303 vertisse,
313 1241 378 1283 cum
401 1233 486 1286 antea
509 1225 645 1286 consules
672 1235 702 1286 et
724 1226 815 1287 duces
841 1225 956 1288 ucrmsi
981 1234 1149 1288 transversa

142 1309 242 1368 charta
258 1309 383 1387 scriptas
402 1309 558 1369 mitterent.
590 1309 698 1371 Extant
717 1319 747 1370 et
764 1310 801 1372 ad
815 1308 1006 1388 Ciceronem,
1025 1312 1094 1370 item
1112 1308 1149 1370 ad

138 1392 299 1454 familiares
319 1391 488 1452 domesticis
509 1393 671 1470 derebus,
694 1396 723 1455 in
744 1394 864 1474 quibus,
884 1396 908 1453 si
930 1394 1153 1474 quaoccultius

101 1495 129 1536 15
139 1476 318 1558 perferenda
333 1485 431 1553 erant,
454 1494 508 1556 per
532 1485 616 1537 notas
640 1479 772 1556 scripsit,
796 1477 826 1539 id
845 1487 891 1538 est
910 1480 955 1537 sic
976 1487 1087 1538 structo
1102 1477 1148 1536 lit

138 1569 268 1622 terarum
283 1559 400 1638 ordine,
416 1569 447 1621 ut
464 1557 572 1622 nullum
588 1561 708 1621 verbum
722 1562 800 1624 elbai
815 1570 933 1641 posset:
956 1579 1030 1640 quae
1044 1563 1069 1622 si
1083 1561 1147 1640 quis

138 1647 320 1722 investigare
333 1653 363 1704 et
378 1645 516 1725 persequi
532 1646 628 1723 volet,
644 1655 774 1725 quartam
790 1645 999 1706 elementorum
1012 1645 1148 1720 litteram,

101 1731 120 1836 [ἱ
137 1730 170 1790 id
184 1729 268 1789 estD
284 1747 338 1810 pro
354 1727 382 1788 A
397 1738 426 1789 et
442 1729 564 1809 perinde
578 1730 706 1808 reliquas
721 1739 886 1798 commutet.
929 1727 1073 1788 Feruntur
1087 1737 1117 1788 et
1132 1746 1149 1787 u

139 1831 234 1895 puero
250 1822 280 1873 et
295 1813 330 1873 ab
346 1813 566 1874 adulescentulo
583 1814 723 1892 quaedam
738 1815 862 1892 scripta,
885 1820 916 1872 ut
930 1809 1056 1872 Laudes
1068 1809 1147 1872 ller-

4 1942 7 1955 .
100 1897 236 1972 reculis,
263 1897 415 1975 tragoedia
442 1895 596 1977 Oedipus,
624 1899 693 1957 item
716 1897 812 1958 Ds'eto
840 1896 1149 1973 collectaneos-quos,

140 1983 235 2044 omnis
261 1981 381 2043 libellos
405 1983 498 2043 vetuit
515 1983 664 2060 Augustus
685 1981 827 2061 publicari
852 1983 881 2043 in
901 1980 1040 2060 epistula,
1065 1997 1149 2058 quam

138 2068 262 2127 brevem
283 2065 435 2129 admodum
455 2085 491 2127 aa
510 2066 673 2147 simplicem
693 2065 730 2126 ad
750 2065 918 2150 Pompeium
938 2063 1081 2141 Macrum,
1103 2064 1148 2122 eui

140 2149 315 2212 ordinandas
330 2149 527 2212 bibliothecas
542 2150 750 2228 delegaverat,
765 2151 852 2210 misit.

203 2231 359 2295 Armorum
380 2243 410 2295 et
430 2234 577 2314 equitandi
603 2235 812 2314 peritissimus,
836 2231 947 2294 laboris
967 2232 1041 2293 ultra
1063 2232 1195 2292 tidemtl

101 2320 256 2398 repetiens
273 2328 344 2380 erat.
375 2317 410 2380 lu
426 2320 541 2396 agmine
556 2335 767 2398 nonnumquam
783 2335 876 2397 equo,
892 2318 1009 2396 saepius
1025 2313 1149 2396 pedibus

140 2401 286 2478 anteibat,
305 2404 401 2482 capite
419 2402 553 2481 detecto,
576 2421 629 2462 seu
649 2402 695 2463 sol
714 2422 766 2464 seu
787 2401 881 2463 imber
898 2408 992 2474 esset3
1010 2399 1149 2476 longissi-

139 2504 201 2547 mas
225 2487 288 2546 vias
311 2486 477 2548 incredibili
498 2487 648 2547 celeritate
672 2487 819 2562 coniecit,
842 2483 1010 2565 expeditus,
1031 2483 1149 2542 meritc·

140 2571 185 2630 ria
199 2569 287 2646 redd,
311 2579 434 2631 centena
450 2589 586 2650 passuum
602 2571 680 2632 milia
695 2572 724 2630 in
742 2569 875 2646 singulos
893 2568 970 2637 dies;
994 2567 1019 2626 si
1035 2565 1150 2625 llumina

141 2663 342 2733 morarentur,
361 2655 616 2716 nandotraieiens
640 2654 688 2714 rel
709 2656 823 2714 innixus
845 2652 950 2714 inflatis
970 2650 1097 2726 utribus,
1121 2657 1152 2708 ut

104 2757 132 2800 eo
143 2756 290 2818 persaepe
305 2741 430 2800 nuutios¹
440 2738 477 2798 de
495 2757 528 2799 se
544 2740 741 2819 praevenerit.
775 2737 808 2798 lu
824 2736 966 2798 obeundis
987 2734 1199 2815 expeditio-58

31 2879 36 2890 ,
105 2830 115 2841 “
141 2821 226 2882 nibus
242 2821 358 2882 dubium
376 2825 488 2884 cautior
504 2843 540 2884 an
554 2815 722 2900 audentior,
745 2824 905 2883 exercitum
922 2838 1018 2899 neque
1036 2836 1090 2897 per
1109 2820 1150 2876 iu-

141 2905 253 2967 sidiosa
274 2908 378 2970 itinera
400 2907 480 2969 duxit
496 2926 628 2988 umquam
645 2908 700 2968 nisi
717 2906 939 2987 perspeculatus
956 2905 1089 2965 locorum
1113 2903 1150 2960 si-

140 2999 202 3068 tus,
221 3009 316 3072 neque
334 2993 363 3052 in
378 2992 554 3056 Britanniam
569 2993 749 3068 transvexit,
775 2993 829 3050 nisi
845 2999 911 3051 ante
928 3007 983 3069 per
999 3007 1033 3049 se
1048 2993 1155 3068 portus

141 3084 172 3136 et
197 3077 417 3154 navigationem
438 3087 470 3140 et
492 3096 644 3140 accessum
670 3076 706 3138 ad
732 3075 853 3136 insulam
878 3073 1075 3154 explorasset.
1112 3067 1152 3130 At

1 3183 2 3190 ¹
103 3159 235 3238 erilem,
259 3161 435 3222 obsessione
459 3171 620 3225 castrorum
640 3163 670 3222 iu
685 3159 837 3224 Germania
855 3160 998 3234 nuntiata,
1018 3174 1072 3235 per
1093 3161 1152 3213 sta-

140 3245 239 3304 tiones
263 3245 389 3305 hostiurn
406 3245 520 3308 Gallico
543 3247 641 3308 habitu
659 3246 824 3325 penetrauit
839 3243 875 3305 ad
896 3259 976 3302 suos.
1012 3237 1041 3298 A
1060 3236 1150 3296 Rruu·

39 3367 42 3376 ,
141 3327 218 3389 disio
241 3327 434 3405 Dyrrachium
459 3333 535 3392 inter
564 3331 717 3411 oppositas
740 3329 852 3390 classes
873 3325 968 3387 hieme
994 3320 1152 3382 transmisit

128 3406 387 3494 'cessantibusque
405 3417 511 3498 copiis,
529 3435 600 3497 quas
615 3414 753 3496 subsequi
768 3414 904 3491 iusserat,
918 3427 982 3472 cunr
997 3405 1032 3468 ad
1049 3421 1149 3468 accer-
