2444 3872
398 294 400 298 ·
500 227 605 275 navus
628 225 816 274 necessus.
1089 213 1128 274 77

128 379 227 457 potius
240 379 321 456 sequi
337 379 512 457 opinionem,
530 384 578 458 qui
593 377 713 460 perinde
731 380 912 442 scribendum
928 397 964 440 ac
978 381 1129 459 loquamur

129 461 303 522 existiment.
335 461 407 522 Nam
429 463 506 543 quod
528 483 618 544 saepe
633 484 691 526 nnn
704 465 815 526 litteras
829 463 915 524 modo
933 464 985 524 sed
1000 462 1128 540 syllabas

128 553 177 605 aut
202 554 345 624 permutat
368 555 415 606 aut
441 551 594 626 praeterit,
622 550 779 610 communis
801 549 945 609 hominum
967 565 1050 608 error
1072 556 1127 606 est.

127 627 193 688 Nec
207 646 264 706 ego
281 628 309 689 id
324 631 467 707 notarem,
484 632 538 690 nisi
552 633 618 692 mibi
633 635 733 694 mirum
749 633 896 694 videretur
911 631 1065 692 tradidisse
1079 632 1128 691 ali-

100 724 220 792 tquos,
241 713 340 791 legato
363 733 426 774 eum
449 716 593 776 consulari
617 735 820 778 successorem
841 715 957 776 dedisse
981 725 1010 776 ut
1025 714 1087 775 rudi
1101 723 1130 774 et

128 797 263 874 indocto,
288 800 368 858 cuius
388 815 471 858 manu
495 799 544 859 imi
560 817 613 879 pro
637 801 702 879 ipsi
723 803 862 880 scriptum
886 799 1129 860 animadverterit.

6 919 7 930 η
91 866 117 999 ql
129 881 272 956 Quotiens
292 891 386 942 autem
406 900 461 961 per
477 891 561 944 uotae
578 884 693 960 scribit,
715 885 737 944 B
752 903 806 963 pro
821 885 863 962 A,
879 882 903 945 G
918 901 972 964 pro
987 882 1011 943 B
1026 901 1062 943 ac
1078 883 1128 944 de·

127 966 233 1044 inceps
253 965 354 1025 eadem
377 967 489 1026 ratione
510 969 658 1045 sequentis
676 968 788 1028 litteras
806 971 901 1047 ponit;
924 985 978 1046 pro
993 966 1021 1027 X
1037 976 1130 1028 autem

130 1048 291 1128 duplex'd.
918 1075 923 1084 ·

6 1201 19 1216 ,ι
93 1141 120 1184 1⁰
190 1132 236 1192 Ne
252 1132 427 1194 Graecarum
450 1134 565 1212 quidem
583 1135 798 1215 disciplinarum
812 1136 927 1196 leviore
943 1134 1037 1196 studio
1052 1136 1172 1193 tene-89

7 1219 8 1222 ’
129 1217 222 1276 batur.
242 1216 274 1276 ln
289 1218 392 1295 quibus
408 1226 437 1278 et
450 1219 523 1297 ipsis
538 1219 704 1298 praestabat
717 1219 845 1298 largiter,
862 1222 1000 1298 magistro
1017 1216 1132 1278 dicendi
1159 1258 1162 1263 -

128 1319 200 1361 usus
216 1300 401 1379 Apollodoro
417 1299 614 1380 Pergameno,
632 1303 716 1383 q'uem
733 1305 789 1364 iam
803 1303 943 1382 grandem
958 1311 1025 1363 natu
1040 1300 1131 1380 Apol·

128 1383 237 1446 leniam
257 1402 374 1463 qucque
396 1404 495 1445 secum
514 1386 550 1446 ab
569 1387 640 1447 urbe
662 1389 775 1450 iuvenis
793 1387 886 1448 adbuc
902 1387 1060 1461 eduxerat,
1083 1383 1131 1443 de-

128 1469 198 1528 iude
214 1467 373 1528 eruditione
388 1470 473 1530 etiam
487 1473 567 1530 varia
582 1472 712 1551 repletus
728 1490 782 1550 per
793 1470 865 1531 Arei
880 1469 1047 1551 philosophi
1059 1469 1131 1528 lilio-
1169 1543 1172 1548 Ι

93 1567 251 1630 serumque
274 1554 337 1613 eius
352 1552 474 1629 Dionysi
495 1562 524 1613 et
538 1553 692 1616 Nicanoris
710 1555 942 1622 contubernium
962 1571 1020 1613 non
1038 1563 1132 1612 tamen

20 1653 25 1660 ·
130 1646 161 1696 ut
183 1646 230 1696 aut
250 1635 420 1715 loqueretur
441 1636 578 1716 expedite
600 1649 648 1699 aut
671 1656 848 1718 componere
868 1636 977 1716 aliquid
998 1636 1132 1702 auderet;

129 1740 196 1780 nam
217 1729 246 1778 et
269 1723 292 1780 si
313 1720 380 1799 quid
401 1739 450 1781 res
465 1723 614 1798 exigeret,
635 1722 734 1784 Latine
749 1722 892 1783 formabat
906 1720 1133 1798 uertendumque
1168 1791 1170 1796 Ι

130 1805 181 1865 alii
194 1803 289 1864 dabat.
321 1805 380 1864 Sed
395 1805 481 1884 plane
495 1815 657 1884 poematum
671 1817 789 1886 quoque¹
807 1813 864 1866 non
876 1806 1036 1883 imperitus,
1055 1801 1133 1863 dele·

130 1889 263 1948 ctabatur
275 1890 359 1948 ctiam
373 1888 523 1949 comoedia
536 1892 628 1950 veteri
646 1899 675 1950 et
687 1907 778 1970 saepe
796 1909 858 1950 eam
871 1888 1000 1949 exhibuit
1019 1894 1131 1966 specta-

92 1991 120 2032 20
131 1972 206 2032 culis
228 1971 362 2051 publicis.
398 1972 431 2032 ln
458 1973 628 2034 evolvendis
653 1975 801 2053 utriusque
826 1975 942 2051 linguae
967 1969 1133 2032 auctoribus

128 2057 201 2116 nibil
216 2073 308 2134 aeque
326 2057 505 2133 sectabatur,
531 2075 615 2135 quam
638 2067 796 2137 praecepta
817 2067 846 2118 et
867 2056 1002 2136 exempla
1017 2053 1133 2135 publice

129 2140 178 2200 rel
198 2141 330 2218 privatim
348 2139 485 2217 salubria,
504 2157 602 2220 caque·
619 2141 653 2201 ad
676 2141 795 2203 verbum
807 2150 947 2219 excerpta
965 2149 1012 2200 aut
1030 2138 1066 2200 ad
1084 2138 1134 2198 do·

128 2225 268 2284 mesticos
291 2224 389 2286 autad
408 2224 586 2306 exercituum
597 2227 868 2305 provinciarumque
882 2227 1021 2286 'rectores
1040 2221 1135 2283 autad

128 2307 211 2368 urbis
231 2309 415 2384 magistratus
436 2309 605 2388 plerumque
626 2308 770 2388 mittebat,
799 2319 886 2388 prout
912 2308 1020 2388 quique
1045 2307 1134 2366 moni·

91 2395 210 2452 atticus
233 2391 405 2466 indigerent.
439 2393 532 2454 Etiam
553 2392 646 2453 libros
667 2403 746 2455 totos
772 2403 801 2454 et
821 2393 932 2453 senatui
951 2391 1084 2451 recitavit
1107 2399 1135 2448 et

9 2496 14 2505 ·
128 2475 242 2556 populo
257 2484 344 2536 notos
358 2495 411 2556 per
427 2477 550 2538 edictum
566 2495 656 2556 saepe
671 2478 752 2554 iecit,
769 2485 799 2537 ut
816 2477 964 2537 orationes
982 2470 1136 2544 Quietem

129 2559 170 2622 dc
181 2559 272 2638 prole
288 2561 432 2640 augenda
450 2569 479 2622 et
492 2560 581 2620 Rutili
597 2561 636 2620 de
648 2561 739 2623 modo
755 2558 987 2638 aedificiorum,
1005 2574 1062 2638 quo
1078 2573 1134 2616 ma·

129 2647 176 2722 gis
196 2644 387 2722 persuaderet
407 2655 558 2723 utramque
577 2663 638 2704 rem
661 2664 719 2706 non
742 2644 778 2704 ab
801 2661 833 2704 se
848 2642 941 2723 primo
958 2641 1153 2704 animadver-

130 2745 207 2802 sam,
230 2727 282 2788 sed
298 2730 421 2808 antiquis
435 2731 490 2789 iam
505 2737 572 2788 tunc
588 2747 675 2789 curae
690 2729 789 2789 fuisse.
972 2731 978 2739 “

94 2833 121 2875 ao
195 2811 316 2890 ingenia
333 2813 442 2874 saeculi
459 2814 502 2873 sui
517 2812 647 2873 omnibus
663 2811 756 2873 modis
773 2811 861 2882 iorit3
878 2811 1024 2872 recitantis
1043 2817 1072 2868 et
1085 2807 1135 2867 be

130 2897 220 2974 migne
236 2899 423 2976 etpatienter
437 2897 532 2972 audiit,
548 2915 605 2956 nec
620 2905 727 2957 tantum
744 2897 868 2956 carmina
881 2903 909 2955 et
921 2894 1068 2970 historias,
1085 2891 1137 2952 sed

117 2989 161 3040 ‘et
186 2981 334 3042 orationes
357 2989 386 3041 et
409 2981 551 3059 dialogos.
583 2979 725 3060 Componi
742 2989 837 3041 tamen
851 2978 960 3059 aliquid
977 2978 1013 3039 de
1031 2995 1063 3038 se
1085 2975 1137 3034 nisi

131 3073 162 3124 et
190 3064 268 3124 serio
295 3073 324 3124 et
349 3083 364 3126 a
392 3065 659 3145 praestantissimis,
686 3063 887 3125 offendebatur
907 3061 1137 3138 admonebatque

6 3195 8 3228 ,
131 3149 305 3228 praetores,
330 3168 366 3211 ne
382 3159 550 3228 paterentur
566 3166 671 3209 nomen
687 3167 767 3210 suum
784 3145 1036 3211 commissionibus
1051 3144 1137 3204 obso-

6 3255 7 3280 l
93 3231 236 3294 sclederi.

174 3313 262 3378 Circa
289 3317 451 3396 religiones
476 3318 564 3379 talem
590 3317 767 3397 accepimus.
804 3315 940 3377 Tonitrua
970 3323 999 3374 et
1023 3311 1181 3389 iulgura90

6 3368 20 3496 '¹
68 3403 71 3407 '
130 3399 220 3492 paulo
241 3402 381 3464 infirmius
402 3401 636 3482 expavescebat,
658 3411 688 3462 ut
712 3419 827 3479 semper
849 3395 1005 3476 &ubique
1031 3395 1138 3475 pellem

7 3523 8 3532 κ
56 3543 61 3548 .
128 3483 212 3546 tituli
227 3487 329 3547 marini
348 3488 547 3548 circumferret
566 3503 619 3568 pro
636 3485 781 3563 remedio,
798 3493 886 3562 atque
901 3481 937 3544 ad
954 3499 1066 3544 omnem
1081 3497 1138 3539 ma-
