2416 3876
78 220 141 280 272
174 232 204 280 c.
223 234 416 283 sanroruus
433 235 674 296 aususausus
688 238 733 283 oa
749 238 979 286 sacraremus

145 387 262 452 Reliqua
276 389 473 440 desiderantur.
509 391 662 456 Supersunt
674 395 766 444 tamen
777 392 807 444 in
823 394 912 444 indice
925 394 1081 458 praemisso

78 458 188 508 nomino
209 457 348 508 rhetorum
365 460 504 522 undecim,
523 465 551 511 et
567 465 630 526 post
646 461 782 513 stellulam
792 464 930 528 posuimus
944 478 1016 528 quse
1029 463 1080 512 Hi·

79 542 222 590 eronymus
240 527 269 576 iu
289 526 423 577 Chronico
440 528 504 578 binc
522 529 666 592 decerpsit.

50 607 67 662 a
136 594 167 654 L.
190 593 304 654 Cestius
327 595 392 655 Pius
414 597 428 635 *
450 595 571 658 Cestius
591 598 779 678 Smyrnaeus
799 598 945 662 Latinam
959 600 1081 662 Romae

76 679 263 740 rhetoricam
275 678 379 740 docuit
397 675 493 763 (anno
510 681 550 740 ab
567 701 597 742 u.
615 702 641 744 c.
659 680 743 767 741).
1091 702 1105 741 s

47 776 67 830 8
140 763 177 823 Μ.
195 764 315 823 Porcius
330 762 415 823 Latro
433 765 447 803 *
463 763 503 824 Μ.
516 763 646 826 Porcius
656 764 765 844 Latro,
781 765 910 828 latinus
921 768 1078 829 declama·

78 852 144 924 tor,
180 847 283 908 taedio
309 847 442 925 duplicis
473 857 648 928 quartanae
677 857 772 911 semet
798 851 896 929 ipsum
924 852 1081 930 interfecit

81 927 127 1013 (a.
148 939 214 994 rso.
235 925 317 1012 751).

48 1029 65 1082 9
141 1016 176 1090 Q.
194 1015 308 1076 eunius
321 1015 446 1076 Rufus*

35 1113 70 1166 10
142 1099 173 1159 1..
189 1099 322 1162 Valerius
337 1098 517 1159 Primanus*
1092 1118 1118 1159 ro

35 1197 67 1248 ll
142 1185 299 1262 Verginius
312 1183 449 1243 Flavus*

35 1277 69 1332 12
141 1267 172 1328 L.
196 1269 301 1328 Statius
323 1267 445 1327 Ursulus
460 1267 476 1308 *
491 1266 611 1327 Statius
635 1265 842 1353 Ursulus,(al.
858 1269 1023 1348 sursulus,
1042 1271 1079 1332 al.

77 1347 243 1434 Surculus)
266 1349 438 1411 Tolosanus
452 1350 647 1412 celeberrime
660 1352 691 1412 in
707 1351 812 1413 Gallia
826 1353 1012 1415 rhetoricam
1024 1355 1078 1415 clo-

78 1443 125 1497 cet
157 1453 186 1496 a.
202 1443 268 1496 810.
285 1441 340 1495 811
360 1481 366 1493 .

34 1535 69 1583 lo
137 1433 168 1582 H.
183 1517 302 1579 clodius
315 1431 469 1592 QHirinalis
481 1520 497 1560 *
509 1517 636 1579 Clodius
647 1516 699 1603 (al.
714 1516 879 1604 Claudius)
894 1517 1077 1598 Quirinalis,
1091 1549 1117 1590 u
1206 1509 1207 1534 ¹

76 1605 181 1666 rbetor
192 1601 400 1678 Arelatensis,
414 1603 532 1663 Romae
544 1603 749 1681 insignissime
761 1605 849 1665 docet
864 1600 900 1687 (a
918 1612 982 1665 797.
998 1603 1078 1688 798).

35 1707 69 1763 14
134 1688 180 1749 Μ.
195 1686 334 1746 Antonius
349 1686 489 1747 Liberalis
505 1693 520 1729 *
536 1685 577 1747 H.
592 1686 744 1748 Antonius
757 1687 928 1764 Liberalis,
951 1686 1082 1769 Latinus

77 1774 193 1848 rbetor,
206 1788 338 1850 mapnas
349 1771 526 1832 inimicitias
539 1790 605 1832 cum
618 1769 804 1834 Palaemone
819 1779 943 1834 exercet
954 1770 999 1856 (a.
1012 1781 1080 1834 801.

37 1959 70 2011 15
136 1857 211 2000 )Sex.
224 1937 311 1998 lulius
327 1938 498 1998 Gabinianus
512 1941 527 1980 *
539 1939 732 2011 Gabinianus
744 1939 934 2000 celeberrimi
949 1940 1118 2006 nominism

77 2025 182 2087 rbetor
197 2023 229 2082 in
243 2022 355 2083 Galliis
366 2021 470 2083 domuit
485 2020 530 2105 (a.
549 2031 615 2082 829.
631 2021 713 2105 830).

28 2123 71 2177 16
141 2105 178 2166 Μ.
193 2105 299 2166 Fabius
312 2105 501 2182 Quintilianus
516 2104 581 2166 *Μ
591 2105 709 2166 Fabius
722 2106 932 2183 Quintilianus
950 2107 1082 2168 Romam

79 2212 99 2254 o
112 2190 214 2251 Galba
224 2189 405 2268 perducitur
418 2187 463 2272 (a.
477 2187 548 2274 821)
564 2236 607 2250 ...
627 2189 850 2268 Quintilianus,
871 2209 911 2251 oa
922 2190 1082 2268 Hispania

79 2273 358 2354 catapanus-uus,
384 2274 436 2352 qui
454 2274 574 2351 primus
588 2274 708 2335 Romae
720 2275 877 2353 publicam
892 2275 1031 2336 sobolum
1054 2281 1084 2335 et

78 2359 230 2421 salarium
246 2375 263 2417 e
277 2357 353 2435 fisco
370 2358 504 2436 accepit,
522 2358 636 2418 claruit
649 2356 695 2442 (a.
713 2357 901 2439 838-842).
1091 2387 1119 2426 rs
1196 2380 1201 2384 ·

36 2455 68 2510 17
136 2443 223 2503 lulius
240 2441 341 2501 Tiro*

147 2541 238 2591 Minus
255 2545 330 2590 certo
346 2539 397 2590 fide
412 2539 480 2590 haec
497 2555 603 2604 quoque
620 2539 684 2588 hinc
700 2539 788 2604 petila
805 2537 1010 2588 existimantur:

143 2625 261 2686 Nicetes
289 2634 318 2684 et
342 2624 475 2700 Hybreas
501 2634 530 2686 et
549 2625 719 2686 Theodorus
744 2633 773 2683 et
792 2623 885 2683 Plutia
911 2622 1082 2683 nobilissimi

79 2713 149 2770 artis
166 2709 330 2768 rhetoricae
348 2708 452 2770 Gracci
469 2719 679 2788 praeceptores
695 2707 845 2768 habentur.
874 2705 1083 2785 Hieronymus

78 2795 110 2854 in
127 2791 281 2854 Cbronico
299 2792 343 2852 ad
356 2811 469 2854 annum
487 2791 526 2854 ab
541 2813 572 2854 u.
589 2813 615 2855 c.
634 2801 701 2854 724.
1091 2823 1118 2864 30

141 2876 240 2936 isaeus
256 2875 356 2937 rhetor
373 2877 424 2936 init
498 2877 573 2936 illius
590 2878 739 2956 temporis,
756 2877 837 2936 cuius
853 2883 883 2936 et
897 2871 1080 2952 Tranquillas

78 2961 211 3020 meminit.
257 2957 385 3022 Sabalia
400 2959 445 3021 ud
457 2957 595 3023 Juvenal.
615 2969 647 3034 3,
667 2969 716 3022 74.

470 3254 498 3264 ,ιι
505 3255 693 3266 mna—...*
