2412 3876
90 155 134 218 26
178 166 208 216 o.
225 131 375 216 suuuoul
392 163 520 226 nanno.
536 165 583 212 nu
599 165 683 212 vura
699 163 884 214 cassanum
899 165 968 214 nuc.
985 167 1008 214 1.

93 321 199 383 sendas
223 321 330 382 frustra
353 339 444 401 saepe
470 320 612 400 misisset,
640 320 797 382 novissime
819 320 885 398 ipse
911 319 985 381 clam
1007 331 1101 382 noctu

93 407 243 488 parvulum
257 407 403 484 namgium
417 403 498 466 solus
514 391 656 464 obvoluto
675 405 771 484 capite
788 402 976 482 conscendit,
999 422 1100 485 neque

92 501 141 552 aut
161 491 225 574 quis
243 498 324 550 esset
342 499 409 551 anto
425 488 536 550 detexit
553 497 601 550 aut
620 488 853 568 gubernatorem!
863 487 971 549 cedere
993 487 1099 550 adver-

47 583 85 640 59
95 595 146 636 sae
160 575 324 655 tempestati
339 592 443 654 passus
459 583 520 651 est,
534 591 617 654 quam
633 591 727 653 paene
743 571 863 633 obrutus
878 563 1027 633 ductibus?
1050 573 1100 634 Ne

91 659 238 739 religione
252 657 366 739 quidem
381 657 439 719 ulla
454 676 471 718 a
486 675 630 738 quoquam
640 659 761 736 incepto
777 656 949 718 absterritus
963 675 1123 738 umquams

91 743 140 806 vel
161 742 322 805 retardatus
345 752 399 803 est.
442 740 513 804 (lum
535 741 692 802 immolanti
714 739 876 818 aufugisset
891 740 1003 820 hostia,
1048 760 1098 803 ro·

90 827 249 890 lectionem
271 827 411 888 aduersus
429 828 598 906 Scipionem
619 835 649 886 et
671 825 770 886 Iubam
789 843 848 886 non
872 826 991 887 distulit.
1024 761 1098 887 lno-

90 911 190 993 lapsus
206 913 292 973 etiam
306 913 334 971 in
349 929 473 988 egressu
488 913 586 989 naris,
608 928 697 971 verso
714 910 750 972 ad
763 909 866 970 melius
881 911 977 971 omine
996 909 1097 974 Teneo

90 1002 137 1073 te,
152 998 257 1075 inquit,
274 993 398 1074 Africo.
433 995 480 1056 Ad
495 995 651 1056 eludendas
669 1003 762 1056 autem
777 995 1018 1072 vaticinationes,
1033 996 1097 1075 qui-

90 1079 145 1140 bus
159 1081 233 1142 felix
247 1088 278 1140 et
296 1081 432 1140 invictum
449 1082 477 1139 in
496 1098 531 1140 ea
547 1081 700 1158 provintia
715 1079 842 1139 fataliter
858 1080 1028 1158 Scipionum
1042 1096 1096 1139 no·
1107 1093 1133 1135 m·

89 1181 156 1224 men
182 1163 348 1242 ferebatur,
374 1163 627 1246 despectissimum
655 1162 797 1242 quendam
826 1181 864 1222 ex
889 1161 1097 1224 Corneliorum

90 1265 219 1330 genere,
242 1251 287 1310 cui
309 1247 345 1310 ad
366 1246 556 1330 opprobrium
575 1249 652 1308 vitae
671 1247 813 1308 Saluitoni
834 1263 999 1326 cognomen
1020 1257 1095 1326 erat,

91 1339 120 1396 in
137 1333 475 1407 castrisscoumbabuit.
682 1331 710 1344 “’
758 1328 802 1339 ”

44 1431 84 1486 eo
155 1419 272 1480 Proelia
285 1435 344 1477 non
359 1426 466 1478 tantum
481 1416 642 1494 destinato,
666 1414 718 1476 sed
734 1434 772 1476 ex
788 1415 947 1476 occasione
963 1414 1096 1476 sumebat

27 1558 30 1564 Δ
91 1522 127 1564 ac
146 1521 235 1582 saepe
253 1501 410 1564 abitinere
429 1503 540 1578 statim,
562 1499 704 1561 interdum
719 1500 915 1580 spurcissimis
936 1508 1093 1578 tempesta·
1104 1520 1129 1562 15

90 1587 181 1665 tibus,
204 1604 267 1646 cum
289 1583 403 1646 minime
424 1587 488 1666 quis
505 1594 646 1646 moturum
662 1593 792 1665 putaret;
816 1601 872 1644 nec
887 1585 942 1644 nisi
959 1593 1093 1664 tempore

89 1679 223 1734 extremo
247 1670 283 1732 ad
304 1670 493 1730 dimicandum
514 1670 676 1730 cunctatior
692 1669 786 1728 factus
809 1677 869 1745 est,
896 1685 954 1748 quo
976 1669 1093 1748 saepius

90 1755 226 1834 vicisset,
248 1755 308 1816 boc
328 1756 419 1814 minus
435 1753 632 1834 experiendos
649 1771 735 1813 casus
753 1754 892 1832 opinans,
913 1751 1042 1832 nihilque
1060 1770 1093 1812 se

89 1849 196 1900 tantum
218 1837 423 1919 adquisiturum
442 1839 583 1916 victoria,
611 1845 745 1916 quantum
759 1837 824 1874 Μ’*
842 1831 984 1920 [auferre
1004 1835 1091 1898 colu·

89 1923 182 1984 mltos
195 1931 312 2002 poscet.
351 1921 476 1984 Nullum
490 1917 646 2004 umquam]
662 1921 777 1982 bostem
798 1920 886 1997 fudit,
904 1921 971 1998 quin
990 1923 1127 1981 castrisao

90 2023 206 2086 quoque
220 2017 356 2069 exueret:
376 2009 415 2067 ita
429 2005 536 2066 nullum
553 2008 675 2086 spatium
690 2005 854 2086 perterritis
870 2003 964 2064 dabat.
1003 2003 1091 2064 Anci·

89 2092 142 2171 piti
163 2090 279 2170 proelio
299 2109 391 2171 equos
409 2090 568 2163 dimittebat
588 2099 618 2150 et
638 2092 668 2150 in
691 2090 790 2168 primis
807 2105 903 2166 suum,
926 2105 984 2168 quo
1000 2090 1092 2150 maior

90 2173 276 2254 permanendi
308 2175 469 2235 necessitas
495 2177 694 2254 imponeretur
723 2173 831 2234 auxilio
858 2173 947 2250 fugae
975 2181 1090 2252 erepto.

44 2257 233 2320 coutebatur
252 2267 346 2318 autem
366 2276 443 2338 equo
463 2259 585 2335 insigni,
609 2258 733 2338 pedibus
754 2274 850 2337 prope
866 2255 995 2316 humanis
1013 2265 1044 2317 et
1062 2257 1091 2316 in

89 2340 204 2401 modum
220 2339 374 2418 digitorum
387 2342 503 2420 ungulis
521 2343 614 2419 fissis,
637 2360 721 2422 quem
742 2350 839 2402 natum
858 2339 934 2421 apud
954 2357 1003 2418 se,
1027 2358 1125 2402 cumas

89 2425 260 2504 haruspices
274 2427 424 2506 imperium
441 2425 521 2486 orbis
537 2435 633 2486 terrae
649 2427 815 2502 significare
831 2421 948 2486 domino
964 2442 1089 2505 pronun·

89 2511 226 2585 lassent,
250 2526 354 2588 magna
378 2527 446 2570 cura
471 2509 541 2572 aluit
565 2529 621 2570 nec
641 2513 798 2590 patientem
819 2511 948 2569 sessoris
971 2507 1090 2569 alterius

27 2643 34 2665 ff
90 2595 197 2672 primus
213 2595 356 2664 ascendit;
381 2595 461 2654 euius
482 2595 567 2654 etiam
588 2596 678 2654 instar
692 2610 748 2674 pro
764 2592 837 2654 aede
855 2593 981 2654 Veneris
996 2591 1089 2654 flone-

42 2677 82 2732 ot
90 2677 172 2736 tricis
188 2685 292 2755 postea
309 2677 462 2738 dedicavit.
498 2677 666 2741 Inclinatam
685 2680 777 2738 aciem
799 2676 880 2738 solus
900 2694 991 2756 saepe
1004 2679 1089 2738 resti·

28 2769 34 2786 ·
87 2760 142 2820 tuit
156 2758 310 2820 obsistens
331 2761 508 2838 fugientibus
530 2763 716 2842 retinensque
740 2761 873 2840 singulos
895 2770 925 2821 et
946 2763 1088 2823 contortis
1097 2775 1124 2818 ao

87 2841 219 2904 faucibus
247 2854 422 2905 conuertens
444 2847 474 2906 in
495 2846 610 2908 bostem
629 2855 660 2907 et
681 2846 795 2926 quidem
819 2844 893 2906 adeo
917 2844 1088 2926 plerumque

87 2926 235 3006 trepidos,
261 2935 292 2988 ut
318 2928 451 3008 aquilifer
476 2924 597 2992 moranti
623 2949 656 2990 se
679 2930 799 3010 cuspide
824 2931 862 2990 sit
887 2932 1087 3009 comminatus,
1195 2965 1198 2972 »

41 3009 160 3082 stulius
177 3011 206 3068 in
224 3028 307 3072 manu
327 3011 481 3074 detinentis
501 3015 651 3095 reliquerit
671 3016 793 3092 signum.
825 3011 892 3075 Non
911 3015 1023 3076 minora
1038 3011 1088 3075 illa

88 3097 267 3156 constantiae
288 3097 367 3175 eius,
389 3099 474 3160 immo
495 3101 605 3160 maiora
626 3100 712 3159 etiam
730 3097 835 3158 indicia
858 3097 973 3158 fuerint.
1016 3096 1088 3166 Post

86 3179 179 3238 aciem
194 3178 385 3242 Pharsalicam
406 3201 470 3244 cum
490 3184 658 3264 praemissis
679 3185 708 3243 in
723 3182 823 3243 Asiam
845 3182 940 3261 copiis
960 3189 1018 3261 per
1038 3184 1122 3251 aulas

84 3263 195 3340 gustias
210 3261 394 3344 Hellesponti
414 3269 547 3329 uectoria
567 3265 701 3328 novioma
722 3268 875 3343 traiceret,
899 3265 930 3326 t.
954 3263 1086 3337 Cassium

84 3347 175 3423 partis
191 3346 332 3409 aduersae
349 3367 412 3409 curn
428 3351 530 3411 dacem
545 3353 678 3412 rostratis
695 3350 816 3411 navibus
833 3349 948 3410 obvium
964 3351 1019 3410 sibi
1035 3368 1095 3412 ne·.

83 3445 141 3506 que
156 3430 265 3508 refugit
279 3441 308 3493 et
326 3436 481 3494 comminus
496 3434 634 3515 tendens,
653 3434 729 3498 ultro
749 3433 785 3494 ad
798 3433 973 3496 deditionem
987 3433 1085 3496 borta-
