2444 3872
124 169 184 230 122
216 177 618 237 c.sunrou1rnnno.nn
631 177 715 226 vrrs
731 155 916 226 cassanum
933 175 1003 223 nm.
1015 175 1086 223 nn.

120 344 205 396 natus
228 332 399 395 Germanico
423 334 498 394 lilius
520 333 617 395 Tiburi
637 333 747 410 luerat,
773 330 939 412 appellatus
961 331 1072 410 etipse
1095 329 1134 392 G.

122 418 247 488 (laesarr
270 415 306 477 de
328 417 408 477 cuins
425 415 539 478 amabili
563 417 685 497 pueritia
705 417 913 495 immaturoque
935 413 1015 474 obitu
1036 433 1135 494 supra

120 503 253 564 diximus.
285 500 406 561 Plinium
421 501 518 579 arguit
536 503 610 562 ratio
630 509 803 580 temporum.
833 498 908 560 Nam
928 501 977 578 qui
997 517 1047 558 res
1062 498 1130 559 Au·

120 587 199 665 gusti
218 585 374 645 memoriae
394 586 570 662 mandamnt,
591 582 791 646 Germanicum
806 592 913 644 exacto
929 582 1082 642 consulatu
1100 583 1132 642 in

122 664 243 733 Galliam
257 671 373 729 missum
389 671 579 747 consentiunt,
590 670 645 729 iam
660 677 728 729 nato
741 667 823 730 Gaio.
839 667 903 727 Neo
920 665 993 727 Plini
1011 668 1158 746 opinio-s

119 773 189 815 nem
203 754 353 832 inscriptio
370 770 438 813 arae
456 755 608 832 quicquam
623 749 780 829 adiuverit,
815 769 879 811 cnm
895 750 1060 830 Agrippina
1078 750 1130 812 bis

118 841 152 898 in
173 857 209 898 ea
227 838 352 914 regione
373 837 447 897 filias
471 838 555 897 enixa
576 837 632 912 sit,
656 844 685 895 et
709 834 926 915 qualiscumque
943 843 1043 915 partus
1060 837 1130 895 sine

120 921 183 983 ullo
198 939 286 982 sexus
298 919 461 981 discrimine
472 921 657 1000 puerperium
671 928 805 996 vocatur,
822 918 901 997 quod
915 920 1022 998 antiqui
1037 921 1130 980 etiam

123 1005 236 1086 puellas
252 1022 368 1084 pucras,
384 1005 458 1065 siout
473 1014 501 1063 ct
521 1020 629 1084 pueros
644 1003 760 1083 puellos
774 1003 946 1063 dictitarent.
983 1001 1071 1064 Extat
1096 1011 1130 1063 et

122 1087 247 1166 Augusti
266 1088 399 1166 epistula,
414 1097 480 1147 ante
494 1105 605 1167 paucos
621 1105 706 1166 quam
720 1087 816 1147 obiret
830 1103 947 1146 menses
963 1085 1169 1166 adAgrip·1a
1194 1113 1199 1120 ·

120 1173 219 1251 pinam
233 1179 350 1249 neptem
364 1173 403 1230 ita
417 1171 526 1250 scripta
542 1170 578 1231 de
594 1168 665 1231 Gaio
681 1170 740 1231 lroo
756 1172 958 1251 (nequeenim
973 1172 1128 1252 qnisquam

122 1257 179 1315 ‘am
197 1254 270 1314 alius
285 1253 378 1313 infans
388 1254 502 1313 nomine
516 1253 581 1332 pari
592 1261 661 1314 tunc
672 1253 855 1334 supererat:)
868 1252 1001 1314 Puerum
1012 1253 1129 1316 Gaium

158 1335 190 1397 V.
209 1335 260 1397 ΚΖ.
279 1335 348 1397 luo.
364 1337 394 1397 ai
416 1336 462 1398 dii
481 1337 585 1398 volent
602 1343 638 1398 ut
657 1337 804 1398 ducerent
827 1335 976 1398 Talarius
994 1345 1024 1400 ct
1037 1336 1126 1399 Arit-

121 1421 200 1497 lr'us,
219 1419 287 1481 lert
305 1439 372 1481 cum
393 1420 434 1481 iia
454 1420 606 1482 consului.
652 1419 739 1482 lllitto
755 1427 1010 1500 praetereumtes
1030 1440 1067 1482 eo
1083 1441 1128 1482 ec

122 1504 224 1565 amois
237 1505 313 1565 meis
330 1504 490 1582 medicum,
505 1523 593 1584 quem
612 1506 729 1584 scripsi
743 1504 926 1567 Germanico
939 1506 970 1566 ai
986 1505 1077 1567 vellet
1089 1512 1128 1567 ut
1137 1517 1165 1560 1³

120 1588 278 1650 retineret.
314 1586 455 1665 Vestalis,
479 1606 549 1649 mec
566 1587 759 1668 Apripptou‚
779 1596 809 1650 et
829 1587 923 1651 dabis
941 1608 1070 1670 operum
1090 1595 1130 1652 ut

52 1733 54 1740 ,
122 1673 232 1734 caloes
248 1673 417 1751 perversius
437 1672 481 1733 ud
506 1671 721 1733 Germanicum
743 1678 836 1734 tuum.
870 1672 994 1734 Abunde
1016 1691 1126 1753 parere

121 1756 266 1834 arbitror,
287 1773 346 1816 non
365 1758 495 1836 potuisse
514 1755 554 1816 ibi
578 1758 659 1820 nasci
677 1754 791 1834 Gaium,
814 1775 872 1838 quo
889 1776 984 1838 prope
999 1743 1125 1818 bimulis

124 1839 235 1900 demum
259 1839 415 1919 perductus
436 1841 471 1902 ab
490 1841 562 1901 urhe
584 1841 629 1900 sit.
662 1841 882 1902 versiculorum
899 1858 1016 1921 quoque
1037 1841 1125 1902 lidem

5 1938 9 1941 ’
121 1923 225 1984 eadam
239 1923 314 1984 haec
330 1924 446 1985 elevant
464 1934 494 1985 et
505 1942 542 1984 eo
557 1925 682 2002 facilius,
706 1924 783 2003 quod
796 1927 817 1985 ii
832 1927 895 1986 sine
911 1935 1030 1986 auctore
1046 1934 1122 1986 sunt.
1133 1943 1161 1984 ao

97 2007 100 2012 ’
124 2007 278 2086 Sequenda
294 2017 339 2068 est
353 2008 451 2086 igitur,
474 2027 547 2089 quae
564 2008 627 2069 sola
642 2017 733 2069 restat
749 2007 856 2088 publici
876 2010 1054 2070 instrumenti
1074 2027 1123 2070 au·
1213 2065 1215 2112 l

121 2093 257 2166 ctoritas,
269 2094 440 2169 praesertim
456 2110 520 2151 cum
533 2091 619 2154 Gaius
630 2092 757 2170 Antium,
772 2091 903 2154 omnibus
916 2112 1033 2174 semper
1047 2094 1123 2154 locis
1213 2115 1214 2162 ς

122 2181 211 2251 atque
230 2173 398 2234 secessibus
418 2175 593 2254 praelatum,
617 2193 675 2236 non
695 2177 779 2236 aliter
802 2194 887 2256 qnam
905 2179 1001 2239 natale
1028 2178 1124 2240 solum

124 2254 259 2316 dilexerit
272 2255 457 2336 tradaturque
479 2260 563 2319 etiam
579 2258 679 2320 sedem
694 2279 729 2321 ac
743 2259 919 2322 domicilium
934 2262 1045 2341 imperii
1058 2271 1120 2323 tae·
1213 2309 1214 2319 2

124 2338 172 2400 dio
189 2338 268 2398 urhis
284 2340 442 2401 transferre
460 2358 497 2403 eo
513 2342 686 2403 destinasse.
1130 2365 1156 2407 as

61 2396 110 2489 ἦ)
187 2420 339 2501 Caligulae
354 2440 517 2502 cognomen
529 2429 670 2487 castrensi
686 2430 752 2489 icoo
769 2430 865 2506 traxit,
882 2429 948 2509 quia
964 2429 1119 2508 manipula·
1212 2437 1213 2474 ἲ

123 2508 167 2568 rio
182 2507 281 2568 habitu
296 2509 371 2569 inter
382 2508 486 2570 milites
498 2509 681 2571 educabatur.
702 2512 789 2591 Apud
801 2530 876 2592 quos
889 2521 1023 2591 quantum
1037 2531 1120 2592 prae·
1211 2519 1213 2568 s

123 2597 204 2652 terea
221 2610 275 2670 per
287 2591 363 2653 lranc
379 2593 615 2656 nutrimentorum
638 2595 873 2658 consuetudinem
895 2613 995 2657 amore
1011 2605 1041 2656 et
1054 2614 1120 2674 gra·

122 2674 162 2733 tia
174 2673 314 2752 valuerit,
332 2680 454 2739 maxime
471 2680 617 2755 cognitum
630 2687 676 2739 est
692 2697 755 2740 cum
770 2688 837 2759 post
851 2697 1006 2742 excessum
1020 2679 1118 2758 Augu·

124 2757 161 2817 sti
174 2756 369 2820 tumultuantis
380 2770 410 2822 et
423 2763 451 2821 in
464 2761 592 2822 furorem
604 2780 697 2840 usque
712 2764 889 2844 praecipites
902 2764 984 2824 solus
994 2763 1061 2825 haut
1071 2765 1118 2824 du·
1126 2777 1153 2820 ao
1209 2801 1211 2842 3

122 2839 172 2901 hie
189 2849 219 2900 et
235 2853 396 2922 conspectu
407 2862 465 2922 ¹suo
480 2845 571 2907 flexit.
585 2843 651 2906 Non
667 2849 742 2907 enim
753 2850 833 2927 prius
845 2847 1026 2926 destiterunt,
1038 2866 1119 2927 quam
1209 2863 1211 2932 j

124 2923 255 3000 ablegari
273 2944 338 2987 eum
359 2929 396 2989 ob
410 2929 740 3010 seditionispericulum
754 2940 784 2992 et
799 2932 828 2991 in
845 2934 1007 3011 proximam
1023 2935 1118 2994 civita·

124 3014 182 3066 tem
203 3006 370 3072 demandari
390 3012 673 3085 animadvertissent3
696 3025 764 3076 tunc
787 3013 899 3076 demum
917 3016 953 3078 ad
973 3018 1117 3097 paeniten-

123 3091 191 3151 tiam
205 3095 284 3152 versi
305 3112 447 3173 reprenso
463 3115 498 3158 ac
515 3106 630 3158 retento
646 3099 801 3178 vehiculo,
817 3100 952 3162 invidiam
969 3099 1117 3180 quaesibi

80 3183 116 3238 1⁰
125 3175 209 3253 lieret
224 3174 374 3255 deprecati
394 3189 469 3239 sunt.
514 3179 672 3244 Comitatus
692 3194 737 3245 est
753 3193 864 3264 patrem
885 3194 914 3247 et
933 3186 1053 3261 Syriaca
1068 3201 1149 3246 err-as

124 3257 280 3337 peditione.
309 3261 393 3324 Unde
415 3281 554 3325 reversus
569 3267 689 3344 primum
703 3268 732 3328 iu
746 3269 855 3347 matris,
872 3268 975 3330 deinde
992 3287 1027 3330 ea
1041 3269 1114 3330 rele

104 3351 190 3416 ‚gata
212 3343 240 3402 iu
260 3343 359 3407 Liviae·
371 3347 521 3426 Augustae
542 3352 681 3429 proaviae
703 3369 773 3412 suae
796 3352 985 3414 contubernio
999 3354 1112 3422 manaim

122 3439 207 3500 quam
222 3424 385 3492 defunctam
402 3441 601 3512 praetextatus
616 3436 782 3496 etiamtunc
796 3440 967 3516 prorostris
981 3435 1112 3500 laudarit.
