2444 3872
132 155 192 215 154
236 165 267 214 c.
284 165 435 214 suuuouu
452 164 580 224 nunno.
598 165 645 211 nn
661 163 944 220 mnncausnnun
958 166 1029 214 nne.
1046 167 1077 214 v.

129 321 231 381 aedem
246 317 423 381 adoraretur.
469 317 716 397 conspiraverunt
731 327 825 378 autem
840 317 875 378 ad
890 337 938 380 res
954 336 1046 379 novas
1062 319 1125 381 Gal·

129 405 174 464 lus
189 405 306 463 Asinius
325 413 354 463 et
368 403 496 463 Statilius
512 400 672 478 Corvinus,
691 402 831 462 Pollionis
851 421 886 464 ac
900 403 1045 464 Messalae
1063 421 1124 464 ora·
1214 423 1217 480 ι

129 497 222 548 torum
242 497 383 565 nepotes,
405 488 559 564 assumptis
581 485 778 564 compluribus
798 484 910 546 libertis
930 488 1020 565 ipsius
1042 496 1125 565 atque

129 575 242 646 servis.¹
275 570 386 630 bellum
408 571 494 630 civile
515 571 606 629 mouit
625 569 728 630 Furius
750 567 887 630 Camillus
909 569 1124 646 Scribonianus,

127 655 288 716 Delmatiae
303 653 431 732 legatum
447 671 546 714 verum
561 655 634 713 intra
651 655 778 732 quintum
794 652 868 712 diem
891 671 1053 732 oppressus
1070 662 1150 729 est,u
1215 699 1216 710 ι

127 738 310 816 legionibus,
331 755 405 817 quae
426 745 634 798 sacramentum
657 745 850 812 mutaverant,
872 737 902 796 in
924 737 1125 816 paenitentiam
1215 727 1217 738 ’

127 823 273 901 religione
289 823 457 899 conversis,
471 829 633 900 postquam,
653 819 818 880 denuntiato
831 819 867 881 ad
883 838 989 880 novum
1003 823 1125 918 impera:

128 917 222 967 torem
238 907 353 982 itinere,
370 923 438 966 casu
454 904 577 984 quodam
593 923 627 965 ac
642 904 776 964 divinitus
790 921 885 985 neque
901 899 1019 995 aquilap‘
1029 903 1126 964 ornari
1214 921 1217 926 ·

127 1009 222 1069 neque
236 991 322 1067 signa
337 988 463 1048 conuelli
478 990 647 1066 moverique
662 996 826 1067 potuerunt.

87 1084 121 1140 14
190 1071 362 1134 Consulatus
374 1090 462 1151 super
475 1073 622 1151 pristinum
637 1081 770 1151 quattuor
782 1072 888 1148 gessit;
902 1088 941 1131 ex
953 1069 1056 1149 quibus
1068 1071 1123 1131 duo
1136 1087 1159 1128 ιι
1215 1119 1216 1122 ,

127 1159 237 1238 primos
251 1158 381 1231 iunctim,
408 1158 560 1254 sequentis
580 1173 633 1234 per
647 1155 842 1232 intervallum,
863 1163 965 1232 quarto
982 1172 1123 1234 quemque

127 1257 218 1316 anno,
243 1247 432 1299 semenstrem
449 1239 651 1315 novissimum,
676 1237 841 1298 bimenstris
858 1247 987 1314 ceteros,
1010 1241 1125 1297 tertium

125 1333 234 1399 autem,
260 1339 338 1382 novo
362 1323 440 1382 circa
463 1323 623 1401 principem
645 1323 797 1401 exemplo,
826 1323 855 1380 in
874 1321 969 1381 locum
984 1320 1124 1382 demortui

126 1405 274 1468 suiicctus.
293 1404 341 1464 lus
357 1413 385 1465 et
397 1405 499 1466 consul
515 1413 544 1464 et
556 1415 637 1466 extra
648 1406 789 1466 honorem
800 1404 1027 1465 laboriosissime
1043 1404 1123 1481 dixit,

126 1494 211 1552 etiam
226 1492 285 1550 suis
299 1495 473 1568 suorumque
491 1488 591 1548 diebus
605 1489 805 1565 sollemnibus,
821 1505 1030 1565 nonnumquam
1040 1489 1125 1548 lestis
1136 1511 1160 1553 rs

126 1592 242 1654 quoque
256 1575 410 1653 antiquitus
422 1583 451 1633 et
461 1573 619 1650 religiosis.
632 1571 695 1632 Nee
708 1591 824 1651 semper
835 1575 1015 1651 praescripta
1028 1573 1126 1649 legum

125 1667 259 1734 secutus,
289 1657 419 1718 duritiam
439 1657 623 1718 lenitatemue
642 1657 791 1716 multarum
813 1674 851 1715 ex
870 1655 947 1716 bono
969 1665 998 1715 et
1018 1673 1124 1735 aequo,

125 1742 247 1822 perinde
267 1750 307 1800 ut
318 1741 507 1818 adficeretur,
530 1740 695 1801 moderatus
710 1749 768 1810 est;
791 1757 854 1798 nam
869 1741 920 1798 et
912 1742 962 1816 ris,
986 1741 1033 1819 qui
1049 1739 1127 1818 apud

4 1851 36 1898 3
73 1843 89 1866 ι’
110 1814 256 1906 *privatos
274 1825 384 1885 iudices
401 1824 465 1903 plus
486 1824 613 1904 petendo
633 1823 756 1884 iormula
780 1823 974 1900 excidissent,
999 1825 1126 1883 restituit

4 1924 24 1982 't
46 1909 96 1972 [tl
125 1911 271 1986 actiones,
293 1911 349 1968 et
340 1928 369 1968 un
384 1910 494 1969 maiore
511 1907 611 1970 fraude
636 1909 785 1967 convictos
792 1907 977 1984 ,legitimam
999 1924 1161 1984 poenamao

81 2003 114 2056 15
124 2011 335 2073 supergressus
351 1991 386 2052 ad
401 1990 510 2052 bestias
527 1992 734 2053 condemnavit
755 1990 788 2050 ln
804 1990 1011 2067 cognoscendo
1031 2000 1126 2051 autem

123 2097 157 2138 ac
175 2076 361 2137 decernendo
375 2077 446 2136 mira
461 2069 599 2136 varietate
612 2075 695 2136 animi
688 2075 778 2152 luit,
797 2073 882 2134 modo
896 2077 1125 2152 circumspectus

123 2170 152 2220 et
172 2177 282 2235 sagax,
304 2159 444 2220 interdum
464 2159 643 2219 inconsultus
669 2175 703 2218 ac
726 2175 887 2238 praeceps,
912 2175 1126 2235 nonnumquam

122 2242 245 2304 frivolus
263 2245 423 2320 amentique
439 2242 548 2301 similis.
578 2241 648 2303 Cum
664 2242 797 2302 decurias
812 2259 908 2301 rerum
933 2251 997 2302 actu
1014 2259 1125 2320 expun-

122 2334 223 2406 geret,
242 2343 306 2385 eum
312 2328 382 2404 ,qui
403 2325 577 2386 dissimulata
592 2329 743 2387 vacatione
759 2344 842 2405 quam
859 2324 1002 2385 benelicio
1015 2324 1163 2386 libero-²³

121 2429 183 2471 runr
198 2409 325 2471 babebat
337 2409 544 2488 responderat,
559 2419 589 2470 ut
602 2411 733 2489 cupidum
746 2408 888 2470 iudicandi
902 2409 1022 2479 dimisit;
1039 2409 1127 2468 alium

76 2493 334 2575 ‚interpellatum
361 2493 397 2553 ab
417 2493 590 2554 adversariis
615 2493 650 2554 de
670 2494 789 2573 propria
810 2493 876 2570 lite,
909 2501 1127 2572 negantemque

73 2601 86 2652 ι
123 2580 298 2656 cognitionis
314 2595 390 2655 rem,
416 2577 466 2638 sed
484 2574 698 2655 οιάἰιιιιῂῑιιιίι
715 2588 795 2654 esse,
818 2595 909 2654 agere
924 2595 1040 2637 causam
1055 2594 1127 2636 con·

120 2662 217 2722 lestim
235 2661 311 2740 apud
326 2679 358 2720 se
381 2663 493 2738 coegit,
513 2661 647 2759 proprio
665 2662 786 2740 nepotio
807 2661 1017 2722 documentum
1032 2659 1125 2720 datar·

120 2762 204 2818 ιιιιι,
222 2759 315 2823 quam
333 2761 449 2824 aequus
458 2743 586 2805 tudem
574 2763 606 2806 ιιι
626 2745 728 2806 aliene
744 2745 866 2824 nepotio
886 2743 1011 2823 futurus
1030 2749 1123 2804 esset.
1137 2768 1166 2811 ιι

119 2826 266 2888 Feminam
280 2844 339 2886 non
352 2839 559 2906 agnoscentem
574 2829 662 2889 lilium
677 2827 773 2905 suum,
787 2827 872 2888 dubia
883 2830 1024 2906 utrimque
1038 2845 1126 2905 argu-

119 2919 279 2970 mentorum
294 2910 368 2989 lide,
385 2912 420 2972 ad
437 2913 651 2973 confessionem
665 2913 802 2991 compulit
817 2911 926 2972 indicto
943 2913 1132 2971 matrimonio

120 2995 242 3052 iuvenis.
282 2995 460 3069 Absentibus
485 2996 641 3056 secundum
665 3005 837 3075 praesentes
864 2995 1001 3056 facillime
1026 2995 1127 3071 dabat,

119 3075 200 3136 nullo
216 3076 333 3138 delectu
341 3080 497 3158 e,ulpane
513 3081 576 3159 quis
593 3099 628 3140 an
650 3081 744 3160 aliqua
762 3082 941 3140 necessitate
964 3087 1127 3138 cessasset.
1215 3047 1217 3150 l

119 3158 320 3222 Proclamante
332 3162 468 3242 quodam,
481 3164 690 3241 praecidendas
700 3164 943 3240 ialsarromanus
957 3163 1169 3224 carnificemsa
1216 3157 1217 3164 '

120 3245 215 3302 statim
241 3247 330 3304 acciri
359 3264 422 3308 cum
444 3246 596 3308 machaera
626 3266 783 3326 mensaque
815 3247 941 3308 lanionia
972 3244 1128 3324 flagitavit.

124 3321 341 3402 Peregrinitatis
361 3347 470 3412 reum,
488 3339 550 3389 orta
569 3331 643 3390 inter
664 3331 824 3398 aduocatos
845 3330 904 3390 levi
927 3331 1128 3408 contentione,

4 3445 7 3452 ‚
21 3433 30 3474 ς
48 3435 75 3461 ·.-=
119 3414 285 3494 totagumne
298 3431 333 3472 an
344 3400 499 3501 palleatum
513 3412 612 3473 dicere
626 3433 739 3476 causam
753 3422 917 3495 oporteret,
930 3415 1011 3492 quasi
1024 3415 1129 3493 aequi·
1216 3481 1217 3486 η
