2438 3872
149 191 207 253 tto
239 201 269 250 c
283 201 432 250 sussum
450 195 1019 324 suano.'nsv1uncnusnuumn1c
1033 191 1080 241 vr.

146 360 222 419 ullos
238 359 378 418 leniorem
395 375 478 436 quam
494 356 540 434 qui
555 373 588 415 se
605 316 688 415 dictis
704 362 752 415 aut
768 353 940 414 carminibus
955 351 1149 412 lacessissent

147 441 415 604 {ggitisgiedulihlllrsslta
441 441 553 502 Graece
578 439 736 517 Latineque
763 439 928 518 proscripta
954 446 1001 498 aut
1027 435 1149 514 vulgata

236 657 380 738 Νέρων
391 648 526 739 Ὀρέστης
537 651 688 736 Ἀλκμέων
703 649 907 736 μητροκτόνος

273 787 456 870 Νεόννμφον
471 791 579 872 Νέρων
593 793 671 852 ἰδίαν
686 788 796 871 μηιὲρα
810 781 971 851 ἀπέκτεινε.
1159 811 1173 852 t

230 931 300 1003 Quis
313 939 396 1005 nepot
410 931 520 988 Aeneae
534 927 651 1004 mupnol
666 933 700 988 de
714 935 799 1003 stirpe
814 931 971 986 Neronem?

274 1017 390 1074 Sustulit
401 1017 445 1072 bie
461 1021 588 1082 matrem,
604 1018 714 1072 sustulit
726 1017 770 1072 itte
781 1021 900 1086 putrem.

230 1153 304 1210 Dum
320 1153 402 1206 tondit
416 1151 552 1206 citharam
570 1159 677 1220 comer,
693 1150 759 1206 dum
773 1165 880 1206 cornua
894 1149 1026 1219 Parthus,

272 1235 372 1291 Noster
385 1238 438 1290 erit
449 1235 561 1306 Paeon,
576 1237 621 1290 ille
635 1235 844 1290 Hecatebeletes.

232 1369 321 1424 Romu
336 1369 431 1424 domus
443 1369 502 1440 fiet.-
525 1369 603 1424 Veios
618 1373 745 1442 murale,
762 1367 895 1438 Quirites,
1158 1379 1182 1420 ιι

275 1451 306 1508 Si
321 1469 376 1508 non
391 1458 418 1508 et
438 1451 516 1508 Veios
532 1460 649 1526 occupat
662 1457 713 1509 blo
730 1455 835 1508 domus.

149 1583 206 1644 Sed
229 1601 323 1660 neque
341 1591 476 1642 auctores
495 1585 627 1663 requisiit
647 1593 676 1643 et
697 1584 836 1661 quosdam
859 1601 914 1663 per
931 1581 1054 1642 indicem
1069 1579 1147 1640 dela-

11 1739 12 1742 *
56 1741 58 1744 .
148 1679 194 1728 tos
217 1666 251 1726 ad
274 1677 403 1727 senatum
425 1665 509 1726 adici
530 1670 666 1744 graviore
687 1685 781 1745 poena
801 1662 955 1745 prohibuit
985 1666 1146 1726 Transeun-

102 1765 126 1798 s
149 1762 205 1812 tem
220 1769 282 1810 eum
297 1751 425 1811 Isidorus
442 1749 590 1826 Cynicus
582 1771 611 1810 m
627 1751 744 1830 publico
768 1751 846 1812 clara
862 1769 937 1812 voce
954 1751 1146 1827 corripuerat,

149 1835 232 1916 quod
247 1832 365 1913 Naupli
381 1835 467 1895 molo
483 1833 558 1896 bene
573 1833 753 1912 cantitaret
770 1853 831 1896 suc
846 1834 929 1896 hono
943 1834 1023 1896 mole
1039 1833 1181 1932 dispo-1⁵

148 1925 255 1988 ueret,·
272 1929 301 1978 et
315 1919 405 1978 Datus
419 1919 615 1980 Atellanarum
631 1920 757 1981 histrio
749 1939 777 1979 ιιι
794 1923 906 1980 cantico
926 1919 1049 1998 quodam
1060 1905 1147 1998 Tyl-

11 2049 12 2064 2
149 2021 222 2063 ωινε
239 1995 363 2082 πάτερ,
381 1990 513 2080 ὑγίαινε
528 1999 648 2083 μῆτερ]
670 2005 708 2063 ita
723 2004 987 2079 demonstraverat,
1003 2012 1033 2062 ut
1047 2000 1147 2062 biben-

50 2152 51 2157 ,
149 2099 206 2148 tem
221 2095 423 2165 natantemque
438 2086 567 2163 iaceret
586 2089 692 2148 curtum
707 2089 820 2148 scilicet
837 2088 937 2150 Glaudr
952 2088 1147 2166 Agnpprnae

121 2201 124 2246 ς
150 2188 206 2249 que
222 2171 405 2246 significans,
426 2171 485 2230 et
477 2190 505 2229 ιιι
527 2173 682 2233 novissima
699 2171 827 2233 clausula
845 2170 946 2234 Orcus
959 2170 1050 2233 rotis
1064 2171 1149 2232 ducit
1207 2205 1208 2208 =

13 2258 16 2265 '
147 2251 244 2332 pedes
264 2261 393 2312 senatum
415 2263 500 2330 gestu
521 2263 643 2316 notarat.
686 2256 861 2318 Histrionem
888 2265 916 2316 ct
942 2255 1184 2336 philosophnmto

149 2337 228 2398 Nero
246 2336 315 2396 nihil
334 2337 455 2416 amplius
472 2355 556 2416 quam
576 2338 649 2399 urbe
663 2339 802 2418 italiaque
825 2343 989 2417 summovit,
1011 2339 1061 2399 uel
1080 2358 1148 2400 con-

11 2491 12 2494 *
150 2429 259 2522 templu
276 2422 367 2482 omnis
389 2421 521 2483 infamiae
542 2423 590 2483 vel
608 2443 644 2484 ne
660 2423 777 2484 latendo
803 2424 933 2485 dolorem
959 2425 1085 2484 irritaret
1106 2425 1148 2482 in·

150 2508 246 2585 genia.

111 2597 143 2650 to
211 2591 310 2650 Talem
328 2591 488 2670 principem
505 2591 592 2670 paulo
609 2595 699 2652 minus
721 2593 949 2670 quattuordecim
971 2608 1060 2652 annos
1082 2609 1148 2668 per-

151 2691 255 2752 pessus
276 2683 417 2735 terrarum
439 2675 518 2736 orbis
540 2675 653 2736 tandem
677 2676 818 2754 destituit,
843 2679 951 2736 initium
974 2668 1183 2735 iacientibusat

151 2756 240 2818 Gallis
259 2756 331 2817 duce
345 2758 417 2819 lulio
434 2759 568 2838 Vindice,
585 2762 632 2838 qui
649 2769 706 2859 tum
723 2778 785 2821 eam
801 2761 979 2840 provinciam
994 2775 1048 2838 pro
1065 2775 1149 2836 prae-

150 2850 215 2900 tore
231 2841 438 2919 optinebat.
1207 2849 1208 2854 ’

212 2923 390 2986 Praedictum
415 2945 432 2986 a
457 2927 663 2988 mathematicis
684 2927 795 2988 Neroni
817 2928 884 2989 olim
907 2935 983 3004 erat,
1010 2925 1093 3001 iore,
1121 2932 1150 2983 ut

152 3007 324 3105 quandoque
351 3011 566 3080 destitueretur;
595 3011 671 3071 unde
697 3011 746 3072 illa
773 3029 830 3072 vox
856 3012 918 3072 eius
942 2970 1147 3071 celeberrima

156 3079 202 3153 Τὸ
214 3081 379 3170 τέχνιον”
360 3089 444 3173 ημᾶς
459 3089 645 3174 diubuldum,
663 3112 723 3194 quo
736 3097 844 3156 maiore
862 3088 975 3155 scilicet
991 3093 1076 3154 venia
1090 3110 1148 3152 me·
1138 3107 1183 3150 -ao

154 3176 290 3236 ditaretur
307 3176 528 3238 citharoedicam
545 3189 653 3255 artem,
678 3179 801 3259 principi
795 3179 872 3238 'sibi
890 3187 1017 3256 gratam,
1034 3179 1148 3256 priuato

152 3262 355 3328 necessariam.
384 3260 608 3340 spoponderant
623 3271 718 3323 tamen
739 3263 850 3342 quidam
873 3262 1008 3322 destituto
1024 3259 1149 3322 Orientis

153 3343 393 3421 dominationem,
415 3345 542 3404 nonnulli
562 3348 723 3407 nominatim
737 3364 857 3424 regnum
872 3339 1148 3446 Hierosolymorum

154 3425 254 3504 plures
276 3429 367 3487 omnis
388 3429 525 3508 pristinae
540 3429 671 3490 fortunae
678 3431 905 3491 restitutionem
936 3429 988 3505 Cui
1004 3432 1069 3510 spei
1084 3446 1147 3510 prc-
