2416 3876
250 130 528 209 nneunnmonuu
549 159 731 209 nunnonuu
757 160 957 221 ιιοιιοιιιωι
1046 148 1103 210 28t

165 314 215 375 lll.
245 309 350 412 Περὶ
369 311 444 376 τοῦ
464 304 564 376 κατὰ
580 303 803 395 Ρωμαίους
827 309 1022 374 ἐνιαυτοῦ
1046 317 1108 395 βι-

100 399 223 479 βλίον
246 391 285 459 α’.
329 397 458 460 Surdas.

165 483 277 543 Annum
291 493 452 544 vertentem
464 485 575 544 Romae
588 485 712 545 Lioinius
729 483 843 562 quidem
851 483 951 544 Macer
962 493 992 543 et
1006 493 1109 563 posteo

99 567 268 628 Fenestella
289 570 383 627 statim
404 569 440 628 ab
462 569 542 627 initio
563 567 716 629 duodecim
734 586 862 631 mensum
876 567 966 628 fuisse
983 570 1111 647 seripse-

74 661 175 730 ειιιιιι,
193 652 244 710 sed
261 655 353 728 magis
367 650 448 712 lunio
462 648 631 713 Gracchano
651 662 678 712 et
688 653 792 712 Fulvio
809 661 838 711 et
854 653 978 712 Varroni
994 661 1023 711 et
1038 651 1109 711 Sue·

99 737 182 797 tonio
208 735 330 813 aliisque
358 736 547 811 eredendum,
578 739 626 814 qui
657 736 758 796 docem
784 753 911 795 mensum
939 745 1109 814 putaverunt

100 821 209 897 inisse,
228 829 258 880 nt
273 829 339 879 tunc
357 819 479 880 Albanis
492 829 569 894 erat,
590 819 665 880 unde
681 823 736 880 orti
753 820 884 882 Romani.
921 817 1112 880 Censorinus

142 948 216 1048 lV
245 983 350 1067 Περὶ
377 1006 457 1048 των
483 983 526 1048 ἐν
549 994 612 1048 τοι
617 1007 633 1059 ς
660 985 842 1066 βιβλίοις
866 985 1048 1066 σημείων
1069 978 1107 1046 α’.

61 1092 93 1134 10
171 1072 232 1122 inde
251 1081 310 1122 sunt
330 1072 438 1122 fortasse
457 1081 589 1138 excerpta,
609 1088 674 1136 quoe
690 1073 723 1122 de
739 1075 805 1134 notio
828 1072 966 1123 Prodiom's
987 1087 1001 1120 e
1023 1072 1112 1120 codiee

101 1139 217 1190 Parisino
236 1139 304 1192 7530
317 1139 388 1194 Saea.
406 1141 473 1192 Vlll.
490 1141 569 1190 edidit
586 1140 734 1190 Theodorus
752 1140 906 1200 Mommsen,
927 1140 1112 1190 oomme'ntatna

57 1289 59 1292 Ι
101 1216 150 1328 ρρμ
153 1207 377 1329 Τβιεορριυε
313 1209 380 1275 Ber
381 1210 438 1259 kin
450 1209 624 1260 Zertschrritl'
641 1210 666 1258 d.
684 1207 1018 1258 Alterthumswisseusehoft
1032 1208 1112 1258 1845

166 1347 202 1406 V
237 1339 340 1424 Περὶ
361 1363 431 1424 της
456 1341 696 1423 Κικέρωνος
724 1344 937 1416 πολιτείας
965 1339 1003 1406 α’.
1042 1334 1112 1403 οἷν-

1 1448 2 1516 }
63 1422 595 1512 ιετιλέγειδὲτριΔιδύμω.
641 1429 768 1489 Soidoo

1 1569 2 1576 χ
172 1512 249 1578 [luter
268 1492 469 1580 Alexandrinos]
490 1514 666 1565 Chalcenterus
685 1493 789 1564 eminuit
806 1513 944 1576 Didymus,
964 1511 1111 1577 multiplicis

101 1581 221 1632 scientiae
232 1583 333 1648 seriptis
344 1583 522 1633 memorabilis.
540 1582 609 1641 Qui
603 1597 629 1631 ιιι
642 1582 691 1632 illis
704 1597 751 1632 sex
762 1581 842 1641 libris,
859 1581 903 1631 ubi
919 1593 1112 1644 nonnumquam

1 1661 2 1678 ³
100 1649 248 1716 imperfecte
263 1651 373 1702 Tullium
385 1649 546 1732 reprehendit
558 1650 747 1731 sillographos
737 1651 865 1710 inritatus,
883 1648 1019 1713 scriptores
1030 1647 1109 1697 mole·

100 1718 187 1780 dicos,
210 1719 303 1770 iudicio
321 1721 450 1770 doctarum
469 1721 568 1769 aurium
580 1720 709 1768 incusatur
723 1727 751 1768 ut
762 1719 882 1768 immania
895 1715 1044 1766 frementem
1056 1715 1109 1766 leo-

61 1792 92 1834 20
102 1801 161 1836 nem
173 1788 295 1853 putidulis
307 1789 412 1839 vocibus
427 1790 496 1838 canis
510 1788 607 1838 catulus
623 1787 724 1852 longius
742 1787 939 1837 oiroumlatrans
966 1785 1112 1836 Ammianus

101 1856 269 1909 Marcellinus
293 1859 337 1917 22,
355 1861 398 1916 16,
416 1861 458 1908 16.

165 1923 215 1985 Vl.
243 1895 395 2005 Περλ’
377 1918 599 2030 ονομοὶτων
626 1917 695 1984 καὶ
724 1918 836 1993 ἰδέας
859 1915 1111 2020 ἐσθημάτων

1 2007 2 2012 ’
101 2001 168 2068 καὶ
199 1997 481 2089 ὑποδημάτων
512 2003 579 2070 καὶ
605 2004 685 2068 τοῖν
713 1998 849 2068 ἄλλων
875 2007 937 2077 οἱς
958 2025 1018 2076 τις
1039 1993 1113 2084 οἷμ-

1 2102 2 2152 }
101 2087 336 2171 φιέννυται.
381 2092 508 2154 Suidos.

1 2205 2 2211 ¹
63 2201 91 2242 rs
166 2166 428 2276 Νουμᾶς,ὁκαλ
444 2177 673 2257 Πομκί.λιος,
686 2171 885 2255 ,δέξαμενος
901 2118 1113 2268 πρεσβευτὰς

1 2332 2 2335 ¹
103 2254 140 2320 ἐκ
166 2257 224 2359 τῆς
249 2253 370 2364 χώρας
380 2259 447 2322 τῶν
469 2255 660 2361 λεγομένωγ
682 2256 885 2357 Πελασγῶν,
915 2254 1115 2356 φοροῦντας

1 2376 2 2390 2
101 2337 308 2424 χλαμύδας’
291 2337 430 2443 εχουσας
450 2345 569 2450 ταβλιά
582 2337 732 2450 dodoau,
746 2335 901 2444 καθάπερ
925 2331 992 2403 od'
972 2359 1038 2403 αττο
1041 2338 1114 2440 τῆς

1 2493 2 2507 χ
105 2427 272 2522 Ἰσαυρίας
285 2421 423 2528 χώρας,
426 2451 481 2490 και
471 2423 655 2526 τερφθεὶς
669 2425 732 2490 τοῦ
747 2420 928 2528 σχήματος,
949 2417 1112 2504 ἐπενόησε

1 2518 2 2564 3
104 2531 235 2612 πρωτος
253 2509 343 2574 ἐν
300 2533 343 2600 τη
360 2503 468 2594 Ῥωμη
483 2504 653 2611 χλαμύδας
667 2501 997 2608 φορεῖσθαι,τδιςμὲν
1011 2509 1113 2601 βασι-

1 2589 2 2668 ]
64 2587 196 2668 εολικδις
225 2615 403 2692 πορφυρας
433 2577 575 2694 ἐχουσας
598 2596 717 2676 ταβλία
742 2591 865 2694 χρυσᾶ,
897 2584 956 2665 τὰς
981 2585 1017 2653 δὲ
1044 2587 1111 2652 τῶν

101 2677 335 2780 συγκλητικῶν
353 2675 409 2743 καὶ
429 2677 496 2742 τῶν
520 2670 632 2778 ἄλλων
657 2677 725 2741 τῶν
744 2675 782 2740 ἐν
802 2640 908 2752 ἀξίαις
927 2697 984 2739 και
1007 2690 1113 2757 στρα-

101 2765 204 2836 τείαις
226 2757 432 2845 χλαμυδας’
415 2757 568 2862 εχούσας
577 2756 769 2858 σήμαντρου
783 2760 848 2860 τῆς
854 2758 1028 2841 βασιλικῆς
1043 2780 1113 2840 φο·

101 2847 177 2928 ρεσί
174 2870 213 2921 ας
227 2849 346 2948 ταβλία
360 2846 569 2948 κορφυρᾶ,α
549 2837 646 2946 αξίαγ
661 2844 829 2950 δηλοῦντα
839 2834 1022 2925 εῬωμαικῆς
1045 2861 1110 2904 κτο-

102 2932 224 3005 λιτείας
249 2924 344 2995 trotl‘
325 2925 514 3032 υττοταγήν,
537 2924 697 3004 κελευσας
714 2927 840 3030 μηδένα
861 2929 1114 3026 συγχωρεῖσθαι

1 3021 2 3025 ’
65 3039 93 3080 ω
103 3017 266 3088 είςελθεῐν
283 3018 329 3090 εἰς
342 3037 380 3079 το
370 3007 569 3078 Παλατιον
587 3014 661 3094 δίχα
677 3013 738 3076 τοῦ
729 3006 920 3114 σχήματος
935 3009 993 3091 τῆς
1008 3001 1111 3108 αυτῆς

1 3137 2 3140 =
101 3093 278 3200 χλαμυδος.
308 3090 419 3164 καὶ’
379 3120 421 3163 ου
435 3092 653 3199 συνεχώρουν
666 3119 741 3160 τινα
729 3089 918 3170 ελςελθεῖν
933 3117 965 3157 οι
957 3086 1112 3176 φυλάτ-

100 3204 216 3256 τοντες
228 3205 266 3246 το
254 3175 469 3261 Παλατιου,
487 3183 517 3245 εἰ
528 3205 574 3279 μη
563 3173 715 3281 ἐφόρει
720 3175 879 3280 χλαμύδα
893 3179 1037 3258 ἔχουσαν
1051 3198 1112 3257 φι-

100 3269 255 3368 λοτιμλαν
271 3265 446 3369 βασιλικῆς
459 3264 608 3367 ἐσθῆτος,
622 3256 736 3338 καθως
750 3287 769 3328 ο
784 3256 977 3364 σοφώτατος
994 3265 1113 3339 Σουη-

100 3345 220 3425 τολνιος
241 3347 458 3434 Τράγκυλλος
466 3341 677 3432 Ῥωμαίων
662 3341 920 3430 ιστοριογραφος
941 3341 1111 3426 συνεγρα-

99 3445 198 3513 doro
230 3435 366 3500 loannes
383 3437 571 3515 Mulolosp.
593 3445 630 3496 33
647 3433 745 3496 Βοκκ.
763 3432 936 3494 Ολινοιιίοοκ
958 3431 1113 3510 paschale
