2438 3872
43 178 47 187 '
140 173 199 234 192
244 175 639 242 onosromrannuns
655 181 1075 229 V1unonusnnuun1u.r1.

138 338 353 400 tnrumornuia
372 357 404 398 ιιι
426 337 577 398 theatrum
599 337 764 413 affirmavit,
789 337 819 396 si
838 353 897 414 per
924 333 1080 396 Vindicem
1101 331 1136 396 li·
1208 345 1209 382 l

138 430 216 486 cent.

88 529 130 582 -ιι
198 507 352 585 Postquam
373 505 476 566 deiude
500 506 584 565 etiam
605 503 723 566 Galbam
745 511 776 562 et
795 503 949 582 Hispanias
973 502 1134 562 descivisse

138 592 292 669 cognovit,
315 588 471 668 conlapsus
493 590 644 667 animoque
667 587 742 647 male
765 587 859 648 fracto
876 587 998 648 diusine
1014 601 1089 646 voce
1105 593 1135 645 et
1208 625 1209 634 ι

138 693 232 756 prope
247 675 450 742 intermortuus
466 675 554 732 iacuit
559 681 676 750 ,utque
692 672 821 750 resipiit,
839 681 920 733 veste
934 671 1066 746 discissa,
1086 687 1131 729 ca·
1141 688 1154 727 ι

137 761 197 839 pita
217 756 445 834 converberato,
468 763 570 818 actum
585 755 624 816 de
638 773 673 816 se
687 757 895 834 pronuntiauit,
913 753 1134 831 consolantique

136 842 298 904 nutriculae
322 850 350 900 et
371 841 435 900 aliis
459 858 576 919 quoque
603 841 657 900 iam
679 839 857 918 principibus
873 840 976 899 similia
990 837 1133 898 accidisse

136 927 321 1002 memoranti,
345 943 379 985 ee
398 942 472 986 uero
493 931 622 1002 praeter
641 930 761 984 ceteros
774 917 923 995 inaudito
936 931 966 984 et
977 921 1135 1001 rnooqnttu

66 1001 71 1010 ’
132 1011 204 1090 poti
213 1009 374 1089 respondit,
389 1010 441 1088 qui
451 1025 598 1068 summum
611 1006 771 1086 imperium
781 1007 870 1068 ainus
884 1007 1042 1068 omitteret
1070 1004 1134 1064 Nec

137 1113 173 1156 eo
196 1095 285 1154 setius
312 1095 465 1190 quicquam
487 1111 525 1152 ex
550 1091 756 1154 cousuetudine
783 1091 867 1152 luxus
892 1101 978 1170 atque
1005 1088 1168 1150 desidiaero

138 1180 232 1238 omisit
248 1176 295 1236 vel
312 1175 463 1245 imminuit;
481 1177 549 1254 quin
567 1179 670 1258 immo,
695 1193 759 1234 cum
781 1176 916 1254 prosperi
941 1173 1072 1254 quiddam
1096 1192 1134 1232 ex

137 1262 295 1340 provinciis
315 1261 471 1319 nuntiatum
494 1269 574 1319 esset
581 1277 702 1338 ,super
723 1257 992 1320 abundantissimam
1015 1269 1171 1326 caenamt

136 1344 300 1405 iocularia
292 1359 321 1402 ιιι
336 1342 510 1402 defectionis
531 1342 621 1404 duces
643 1343 768 1404 carmina
788 1343 958 1422 lasciueque
978 1333 1134 1417 moduine,
1208 1373 1209 1408 ι

137 1447 211 1507 quae
227 1427 316 1504 vulgo
332 1436 496 1504 notuerunt,
514 1427 599 1488 etiam
616 1426 806 1505 gesticulatus
823 1435 885 1503 est;
902 1445 938 1486 ac
957 1425 1135 1526 spectaculis

43 1535 95 1575 ιιι
136 1512 241 1572 theatri
258 1511 331 1570 clam
346 1511 464 1587 inlatus
487 1510 598 1572 cuidam
621 1512 740 1587 scenico
758 1511 884 1589 placenti
900 1511 1027 1571 nuntium
1047 1511 1133 1587 misit,
1146 1526 1169 1566 ιι

59 1627 61 1632 ¹
138 1594 305 1656 uiaticum
320 1593 578 1672 occupationibus
593 1595 669 1655 suis
1206 1549 1209 1672 l

10 1736 25 1752 ¹.
95 1697 128 1752 43
199 1679 283 1740 Initio
299 1681 392 1740 statim
409 1679 559 1756 tumultus,
581 1679 668 1738 multa
688 1687 718 1737 et
734 1678 873 1756 inmania,
897 1695 1067 1738 verumnon
1084 1635 1133 1736 ab·

136 1765 281 1824 horrentia
297 1781 313 1823 a
330 1771 430 1822 natura
445 1781 495 1822 sua
515 1761 642 1824 creditur
657 1761 834 1822 destinasse:
860 1777 1052 1822 successores
1067 1779 1133 1840 per·
1208 1761 1209 1798 ³

138 1865 332 1925 cursoresque
352 1848 528 1907 summittere
552 1847 697 1908 exercitus
721 1855 751 1906 et
766 1847 931 1924 provincias
953 1845 1133 1924 regentibus,

124 1933 218 2011 ,quasi
240 1931 413 2009 conspiratis
438 1930 572 2008 idemque
600 1939 628 1990 et
654 1948 737 1990 unum
765 1931 968 2000 sentientibus;
995 1928 1131 2008 quidquid
1143 1949 1169 1991 ιι

136 2016 242 2092 ubique
257 2014 385 2090 exulum,
409 2014 546 2094 quidquid
562 2017 590 2074 in
607 2013 679 2074 urbe
697 2014 842 2075 bominum
857 2013 1071 2076 Gallicanorum
1088 2031 1133 2072 es·

136 2096 397 2159 setcontrucidare
417 2098 550 2176 (illosne
567 2098 800 2179 desciscentibus
814 2098 1062 2178 adgregarentur,
1078 2097 1134 2158 bos

134 2193 165 2242 ut
178 2184 314 2240 conscios
327 2183 508 2260 popularium
525 2201 641 2244 suorum
653 2191 740 2262 atque
752 2182 915 2261 fautorem)
929 2182 1038 2244 Gallias
1050 2200 1134 2242 exer·

137 2265 238 2326 oitibus
248 2263 428 2343 'diripiendas
441 2268 624 2344 permittere;
638 2276 767 2326 senatum
780 2268 944 2328 universum
956 2283 1070 2326 veneno
1079 2284 1135 2344 per

136 2349 266 2410 convivia
281 2365 402 2420 necare;
419 2349 519 2409 urbem
530 2351 697 2427 incendere,
715 2350 787 2410 feris
799 2351 828 2410 in
841 2351 979 2431 populum
991 2351 1134 2426 immissis,
1145 2367 1170 2406 ιι

135 2451 192 2513 quo
209 2433 354 2493 difficilius
370 2432 604 2494 defenderentur.
634 2434 693 2497 Sed
704 2434 875 2496 absterritus
890 2452 947 2496 non
961 2443 1017 2494 tam
1034 2436 1134 2512 paeni·

134 2519 221 2578 tentia
231 2517 315 2596 quam
323 2519 492 2597 perficiendi
501 2517 715 2598 desperatione,
725 2518 906 2598 credensque
916 2517 1135 2597 expeditionem

133 2603 345 2679 necessariam,
362 2602 499 2662 consules
518 2612 583 2664 aute
602 2611 715 2682 tempus
731 2605 855 2680 privavit
870 2604 982 2664 bonore
998 2611 1085 2679 atque
1104 2603 1134 2662 in

133 2686 280 2764 utriusque
305 2685 401 2746 locum
423 2687 503 2747 solus
525 2688 586 2746 iniit
606 2687 800 2762 consulatum,
828 2689 909 2765 quasi
930 2685 1019 2766 fatale
1042 2694 1132 2760 esset,

133 2785 190 2826 non
206 2786 294 2845 posse
314 2768 421 2830 Gallias
436 2770 577 2831 debellari
594 2773 681 2830 nisia
703 2789 736 2830 se
759 2771 889 2831 consule
919 2770 965 2830 Ac
986 2772 1133 2847 susceptis
1144 2785 1170 2826 ιι

132 2851 277 2930 fascibus,
305 2864 461 2932 cumpost
488 2855 590 2933 epulas
617 2855 741 2916 triclinio
772 2853 1026 2932 digrederetur,
1018 2854 1134 2914 innixus
1207 2863 1209 2938 ι

132 2935 239 2996 umeris
260 2897 455 3016 familiarium,
478 2939 647 3017 affirmavit,
673 2939 766 2998 mucul
788 2957 827 3000 uc
845 2937 979 3036 priunum
1001 2938 1172 3016 prouin-

132 3019 406 3100 cinmottiqiscet,
392 3021 1132 3101 ιιιιιιιιιιιιιιιἰιιιιιιιιιιιιιιιιιιιὶιιιιιιιιιιιιιι-

57 3109 60 3114 “
131 3104 243 3164 iturum
263 3106 500 3203 necquicquam
523 3107 612 3168 uliud
632 3125 723 3188 quarn
742 3105 899 3184 fleturum,
916 3103 1135 3186 reuocatisque

131 3189 175 3248 ud
193 3189 289 3266 paeni
290 3191 414 3250 tentiam
435 3189 643 3289 defectoribus
663 3191 833 3288 insequenti
855 3191 906 3252 die
926 3189 1040 3260 loetum
1054 3191 1168 3254 interes

131 3274 229 3334 laetos
252 3280 447 3335 cantaturum
463 3275 613 3352 epinicia,
638 3292 717 3355 quoe
736 3275 797 3334 ium
813 3291 894 3350 nunc
906 3265 975 3393 >sibi
988 3275 1136 3352 caupona

68 3362 293 3433 oporteret.
358 3388 360 3396 ‚

91 3449 123 3501 ιι
186 3439 217 3498 ln
231 3441 430 3519 praeparanda
443 3443 628 3519 expeditione
641 3447 759 3523 primam
768 3460 865 3504 curam
876 3390 979 3514 babuit
979 3441 1134 3528 deligendi
