2444 3872
129 216 188 282 138
219 229 249 277 c.
266 224 416 276 sounonu
431 219 559 280 omno.
575 219 623 266 os
638 216 722 266 mus
737 211 922 262 cumessam
936 211 1007 258 nm.
1020 210 1088 256 1111.

129 404 185 467 quc
200 380 402 463 praetorianos
416 374 561 451 exercuit,
581 372 661 432 nullo
672 389 767 432 rerum
786 377 834 431 aut
853 366 998 429 homiuum
1018 381 1133 442 genere

129 470 253 543 omisso,
281 465 328 525 cui
352 479 410 522 non
431 459 528 520 tributi
553 455 661 536 aliquid
686 457 859 534 imponeret.
903 451 961 512 l'ro
987 447 1133 525 edulibus,

128 569 205 633 quae
217 558 278 610 tota
292 546 365 608 urbe
380 544 528 618 venirent,
552 548 662 600 certum
684 547 844 617 statumque
865 533 1054 612 exigebatnn
1077 548 1133 612 pro

128 634 226 698 litibus
248 649 283 693 ac
301 629 415 690 iudiciis
440 627 614 703 ubicumque
636 623 786 702 conceptis
808 617 1028 700 quadragesima
1056 634 1133 676 sum·

37 694 109 845 p(
129 737 210 795 mue,
243 715 281 777 de
298 731 355 794 qua
374 712 552 789 litigaretur,
579 724 635 768 uec
657 707 720 766 siue
737 721 850 784 poena,
882 703 988 783 siquis
1011 717 1158 780 compo-e

130 804 225 864 suisse
245 798 295 860 vel
317 797 443 878 dumosae
461 793 609 872 negotium
633 790 871 858 convinceretur;
902 805 940 847 ex
963 785 1134 864 gerulorum

58 853 81 926 ἕ
131 886 238 949 diurnis
268 879 436 961 quaestibus
466 895 535 957 pars
556 883 675 944 octava;
703 891 740 934 ex
764 871 891 951 capturis
916 870 1134 950 prostitutarum

133 977 266 1050 quantum
289 981 423 1046 quaeque
450 978 507 1021 uno
540 957 694 1020 concubitu
723 963 862 1025 mereret;
890 953 1075 1033 additumque
1097 951 1135 1014 ad

132 1061 219 1132 eaput
232 1050 324 1128 legis,
342 1057 372 1108 ut
384 1053 552 1107 tenerentur
569 1041 687 1123 publico
703 1049 733 1103 et
748 1057 822 1119 quae
837 1039 1030 1100 meretricium
1045 1038 1133 1116 quive

131 1135 305 1198 lenocinium
319 1132 469 1205 lusissent,
491 1135 664 1210 neq-uonet
681 1123 860 1185 matrimonia
876 1121 1003 1184 obnoxia
1020 1130 1168 1206 essersene

15 1236 21 1246 ‘
91 1224 125 1280 41
133 1220 204 1281 llius
223 1215 300 1279 modi
321 1211 515 1290 vectigalibus
535 1210 648 1270 indictis
669 1225 764 1287 neque
785 1207 964 1286 propositis,
998 1225 1062 1268 oum
1080 1223 1135 1285 per

133 1301 324 1380 ignorantiam
342 1299 502 1376 scripturae
516 1293 604 1354 multa
619 1293 772 1354 commissa
786 1291 903 1369 fierent,
921 1290 1037 1353 tandem
1052 1289 1134 1366 llagi·

133 1394 211 1446 tante
234 1381 343 1462 populo
364 1379 518 1460 proposuit
540 1376 658 1456 quidem
677 1376 791 1453 legem,
820 1374 872 1436 sed
891 1382 920 1435 et
938 1372 1135 1435 minutissimis

132 1468 236 1530 litteris
256 1473 285 1526 et
310 1462 512 1543 angustissimo
537 1460 621 1539 loco,
644 1461 683 1520 uti
703 1477 740 1519 ne
762 1459 807 1518 eui
827 1458 997 1520 describere
1018 1459 1134 1519 liceret.

133 1552 179 1612 Ac
194 1569 231 1611 ne
246 1547 323 1629 quod
344 1565 404 1609 uon
418 1544 611 1608 manubiarum
630 1561 725 1622 genus
746 1543 941 1622 experiretur,
963 1543 1086 1623 lupanar
1106 1542 1169 1601 inu

133 1635 244 1697 Palatio
271 1632 426 1710 constituit,
449 1629 646 1706 distinctisque
668 1637 697 1687 et
711 1628 857 1688 instructis
883 1645 937 1706 pro
963 1626 1022 1687 loci
1044 1625 1136 1704 digni·

133 1727 193 1779 tate
209 1715 405 1795 compluribus
423 1713 523 1791 cellis,
545 1711 690 1790 inquibus
710 1718 857 1771 matronae
879 1711 1055 1791 ingenuique
1079 1719 1136 1770 sta·

134 1810 214 1878 rent,
236 1801 312 1861 misit
333 1801 440 1860 circum
454 1797 520 1858 lora
541 1805 570 1856 et
585 1795 720 1857 basilicas
735 1793 988 1856 nomenculatores
1009 1793 1045 1855 ad
1064 1793 1136 1853 invi·

133 1883 238 1946 tandos
259 1884 295 1945 ad
317 1882 463 1944 libidinem
482 1883 602 1941 iuuenes
623 1895 781 1958 senesque;
805 1877 935 1958 praebita
958 1877 1136 1938 udrenienti·

135 1969 190 2028 bus
206 1968 329 2048 pecunia
349 1965 493 2042 fenebris,
519 1952 706 2043 appositique
722 1963 770 2042 qui
785 1962 899 2022 uomina
916 1961 1011 2045 palum
1029 1960 1172 2022 subno-uo

135 2061 245 2128 tarent,
267 2052 349 2130 quasi
371 2049 561 2111 adiuuantium
581 2045 715 2108 Caesaris
738 2045 857 2107 reditus.
900 2046 946 2106 Ac
961 2064 998 2106 ne
1017 2064 1057 2107 ex
1073 2044 1140 2105 lusu

135 2133 252 2210 quidem
273 2133 355 2194 aleae
382 2130 582 2211 compendium
604 2147 764 2208 spernens,
789 2129 855 2208 plus
875 2129 1027 2191 mendesio
1050 2137 1139 2208 atque

135 2217 222 2276 etiam
239 2218 366 2292 periurio
391 2214 565 2277 lucrabatur.
608 2213 646 2274 Et
667 2213 809 2292 quondam
832 2214 965 2293 proximo
988 2213 1140 2275 conlusori

137 2297 306 2360 demandata
320 2299 394 2364 uice,
405 2317 455 2359 sua
474 2315 650 2376 progressus
665 2298 694 2356 iu
710 2298 811 2358 atrium
830 2297 947 2376 domus,
972 2315 1036 2358 cum
1053 2315 1139 2377 prae-

136 2383 275 2442 tereuntis
297 2381 370 2443 duos
392 2384 505 2460 equites
525 2381 561 2442 ll.
576 2379 731 2460 locupletis
753 2383 815 2442 sine
835 2398 916 2442 mora
937 2381 1046 2459 corripi
1068 2393 1172 2444 con-2t

137 2467 290 2546 liscarique
311 2466 457 2543 iussisset,
486 2464 618 2525 exultans
645 2465 730 2525 rediit
756 2465 960 2546 gloriansque,
984 2483 1140 2543 numquam

137 2569 170 2611 se
185 2553 374 2630 prosperiore
387 2550 451 2612 alea
467 2567 556 2610 usum.

94 2637 129 2692 42
199 2633 272 2694 Filia
287 2652 359 2695 vero
376 2644 458 2708 nata,
481 2643 680 2713 paupertatem
702 2635 827 2694 neriam
849 2633 1034 2713 imperatoria
1049 2633 1140 2694 modo

137 2716 189 2776 sed
205 2724 234 2775 et
251 2719 342 2794 patria
358 2735 542 2795 conquerens
558 2735 661 2793 onera,
681 2716 861 2778 conlationes
880 2718 909 2776 in
923 2716 1089 2779 alimonium
1104 2735 1140 2778 ac

136 2799 233 2860 dotem
254 2799 370 2878 puellae
389 2802 512 2878 recepit.
555 2799 653 2861 Edixit
674 2809 703 2859 et
724 2808 836 2862 abenas
861 2801 978 2861 ineunte
1001 2816 1077 2861 anno
1104 2818 1139 2860 se
1150 2811 1178 2853 ³⁰

135 2891 320 2960 recepturum
334 2884 469 2962 stetitque
483 2885 512 2942 in
529 2883 674 2944 vesdbulo
692 2883 803 2944 aedium
827 2882 874 2944 lll.
889 2883 949 2945 lan.
962 2883 998 2944 ud
1020 2893 1140 2964 captan-

136 2965 189 3024 das
208 2967 319 3042 stipes,
340 2983 412 3044 quas
428 2967 523 3045 plenis
539 2977 605 3028 aute
620 2985 685 3027 eum
702 2967 831 3029 manibus
846 2985 882 3029 ac
897 2969 960 3028 sinu
976 2969 1070 3028 omnis
1085 2985 1140 3047 ge·

134 3048 213 3108 ueris
242 3047 325 3108 turba
354 3048 500 3110 fundebat.
542 3050 708 3112 Novissime
738 3051 963 3112 contrectandae
994 3052 1141 3131 pecuniae

134 3130 269 3211 cupidine
283 3133 434 3210 incensus,
456 3151 547 3213 saepe
562 3153 651 3214 super
667 3137 822 3196 immensos
838 3152 992 3196 aureomm
1010 3152 1140 3196 acervos

135 3216 332 3295 patentissimo
358 3216 478 3278 diffusos
492 3218 561 3278 loco
584 3228 614 3279 et
633 3218 716 3279 nudis
732 3216 854 3297 pedibus
874 3220 1014 3299 spatiatus
1029 3227 1058 3279 et
1072 3228 1140 3282 toto
1150 3227 1179 3270 ³⁵

136 3315 264 3379 corpore
279 3299 441 3378 aliquandiu
458 3300 603 3361 volutatus
620 3310 675 3362 est.

92 3386 129 3442 43
195 3382 322 3444 blilitiam
347 3400 454 3462 resque
475 3383 599 3444 bellicas
626 3384 716 3444 semel
737 3385 848 3464 attigit,
869 3404 967 3466 neque
990 3404 1028 3446 ex
1048 3385 1140 3448 desti-

135 3471 210 3540 nato,
231 3465 283 3524 sed
298 3484 362 3526 curn
379 3467 415 3526 ad
427 3465 576 3527 visendum
591 3484 690 3528 nemus
706 3467 870 3550 flumenque
888 3468 1023 3532 Clitumni
1036 3469 1141 3532 bleva-
1198 3533 1201 3536 .
