2408 3870
184 751 255 828 AD
276 749 559 832 LECTOREM
580 751 885 833 PRAEFATIO.

468 941 615 956 m

159 1035 334 1117 Suetoniana
346 1061 454 1132 studia,
470 1063 704 1135 splendidissimis
719 1063 787 1122 olim
800 1065 989 1122 eomrnendnta

83 1143 239 1200 nominibus
252 1143 382 1200 Politiani
396 1145 503 1202 Erasmi
518 1147 621 1219 lipsii,
636 1149 737 1206 deiude
750 1145 908 1206 casauboni
919 1147 989 1204 Gro-

82 1229 228 1284 noviorum
249 1227 337 1300 patria
365 1234 394 1283 et
412 1229 463 1284 lilii
486 1230 598 1288 Graevii
622 1232 768 1289 Burmanni
797 1229 989 1302 Oudendorpii

8 1367 9 1372 ,
81 1311 193 1368 Ernesti
213 1311 357 1368 laboribus
375 1312 539 1385 nobilitata,
559 1321 656 1372 nostro
676 1316 789 1372 saeeulo
806 1315 888 1391 valde
904 1314 989 1370 retri-

81 1411 202 1466 gesoere
223 1401 386 1468 coeperunt.
431 1395 498 1453 Nam
513 1398 559 1469 qui
576 1396 711 1469 proximis
727 1397 900 1471 temporibus
917 1397 988 1452 Sue-

81 1480 159 1534 tonio
180 1479 289 1534 edendo
310 1495 418 1534 manum
440 1481 636 1551 admoverunt,
659 1483 818 1539 aeliotarum
836 1479 988 1538 eommodia

81 1562 230 1618 consulere
258 1563 327 1621 antis
351 1563 509 1620 habuerunt
534 1565 643 1637 etipse
664 1563 987 1634 Frideriousdugnstua

8 1647 9 1650 ’
80 1645 177 1714 Woll,
203 1645 327 1717 quamvis
353 1647 460 1702 eritiois
486 1647 620 1704 subsidiis
649 1665 704 1705 non
727 1650 911 1716 deliberetur,
937 1647 988 1702 do-

8 1783 10 1788 ,
81 1735 187 1784 ntorum
213 1729 353 1787 bominum
375 1731 578 1801 exspectationi
598 1731 686 1803 impar
705 1733 784 1789 visus
806 1737 859 1788 est.
903 1730 987 1786 Prae-

8 1819 10 1826 “
81 1819 159 1868 terea
181 1813 305 1871 nonnulli
323 1814 358 1868 de
374 1813 427 1868 dds
442 1829 534 1868 rerum
556 1831 571 1868 a
588 1814 749 1885 Tranquillo
767 1813 987 1885 oonsoriptarom

80 1896 215 1952 laudabili
231 1896 324 1951 studio
341 1903 545 1967 exposuerunt;
559 1898 594 1952 de
610 1899 704 1954 verbis
717 1896 896 1954 emendandis
908 1895 987 1950 libri-

81 1997 134 2051 que
151 1979 248 2050 speeie
262 1981 393 2036 universa
408 1981 443 2035 ad
463 1981 608 2051 pristinam
624 1981 813 2052 integritatem
828 1978 987 2036 revocanda

79 2061 171 2118 omnia
190 2069 250 2118 aeta
266 2079 330 2120 esse
345 2063 406 2118 visa
422 2069 493 2118 sunt.
528 2062 623 2136 Neque
638 2065 668 2120 id
683 2080 799 2137 prorsus
816 2063 905 2128 lalso;
926 2078 987 2119 narn

79 2148 113 2202 ab
132 2145 259 2216 egregiis
279 2145 337 2202 illis
354 2145 508 2202 editoribus
532 2153 586 2204 taur
609 2149 675 2204 libri
691 2154 804 2204 valeres
817 2162 918 2217 magno
936 2162 988 2201 nu-

79 2245 157 2286 mero
173 2229 300 2299 inquisiti
324 2236 352 2285 et
373 2229 408 2288 ad
425 2231 645 2286 emendationem
666 2231 784 2287 adhibiti
804 2237 884 2300 sunt,
907 2245 987 2302 quam

8 2383 9 2386 Ἴ
79 2312 290 2370 emendationes
302 2312 467 2384 ingeniosae
479 2315 618 2385 eorruptis
630 2314 702 2370 loeis
713 2313 863 2384 inventae,
877 2319 908 2369 ut
918 2329 987 2389 sane

78 2398 126 2468 qui
138 2397 185 2452 vel
198 2411 326 2454 aoervum
338 2396 434 2452 variae
446 2397 576 2453 lectionis
593 2414 697 2468 augere
709 2397 870 2453 elaboraret
880 2397 926 2452 vel
937 2397 987 2451 ha-

8 2531 20 2554 p,
77 2479 209 2537 riolando
225 2495 339 2551 opernm
354 2481 448 2550 daret,
463 2497 630 2552 paucorum,
646 2481 720 2536 sient
734 2495 794 2535 mea
809 2479 864 2534 tert
878 2477 987 2550 opinio,

8 2557 10 2608 ἶ
77 2563 198 2635 gratiam
216 2571 293 2619 esset
310 2570 520 2619 consecuturus.

142 2648 247 2703 Veram
262 2649 316 2703 hoe
335 2647 455 2702 nondum
472 2647 540 2703 satis
562 2647 716 2718 perfeetum
731 2662 795 2703 esse
810 2644 939 2715 videtur,
958 2649 989 2698 nt

77 2748 113 2787 ex
138 2729 247 2787 infinito
268 2729 402 2786 librorum
422 2747 536 2786 numero
557 2731 654 2803 optimi
676 2736 704 2784 et
727 2727 913 2800 antiquissimi
935 2727 998 2782 eli-'

77 2820 181 2885 gantur
197 2830 229 2870 ao
240 2820 376 2887 tamquam
390 2815 475 2872 duoes
487 2813 545 2884 fidi,
562 2830 632 2886 quos
649 2829 782 2884 nusquam
796 2811 850 2868 nisi
865 2809 894 2866 in
906 2825 989 2882 aper-

76 2905 123 2954 los
149 2913 263 2954 errores
284 2897 435 2954 inciderint
453 2898 509 2970 ipsi
524 2898 658 2954 deserere
672 2897 773 2966 lioeat,
792 2894 988 2951 observantur.

76 2981 174 3036 llultis
194 2981 223 3036 in
242 2982 342 3050 rebus,
362 2997 433 3052 quae
451 2982 574 3038 leviores
587 2982 734 3050 videntur,
756 2985 786 3034 ut
807 2984 851 3034 est
865 2978 990 3034 voeabu-

76 3063 171 3120 lornm
183 3065 335 3122 oolloeatio
348 3070 394 3121 aut
405 3063 547 3120 seribendi
559 3064 631 3120 ratio
644 3070 690 3120 aut
702 3063 822 3135 sapitum
834 3061 990 3132 distinotio,

8 3139 9 3180 ³
77 3147 233 3205 editionum
248 3149 373 3221 priorum
389 3152 534 3204 curatores
549 3163 653 3204 morem
669 3147 755 3203 semel
771 3151 914 3217 receptum
928 3145 990 3202 vul-

8 3243 9 3276 2
77 3238 230 3303 gatumque
247 3223 327 3303 sequi
343 3247 423 3303 qnam
436 3247 472 3286 ex
486 3231 567 3288 libris
578 3231 721 3286 immutare
737 3229 900 3286 maluerunt.
934 3227 990 3284 Sed

77 3320 177 3374 nostra
194 3321 286 3372 aetate
306 3315 479 3371 intellectum
496 3321 555 3386 est,
575 3315 677 3372 nullam
692 3329 756 3369 esse
777 3313 913 3370 rationem
927 3310 990 3368 vnl-

78 3405 165 3469 gatae
181 3398 314 3456 leetionis
330 3415 366 3459 ae
379 3416 414 3455 ne
424 3399 453 3455 in
468 3389 586 3456 minimis
600 3398 711 3470 quidem
728 3398 812 3453 rebus
825 3394 989 3463 habendam,

76 3481 135 3539 nisi
163 3483 330 3564 optimorum
355 3483 490 3541 librorum
513 3483 663 3540 accederet
690 3480 849 3537 auotoritas.
893 3478 989 3547 ltaque
