2438 3872
56 34 475 132 metuebaturque„
520 51 729 126 <zac-neta
768 35 913 131 0th
944 15 1091 142 λίβη

95 145 154 209 178
192 133 238 205 c.
255 156 404 205 suuuoru
421 133 546 216 ranno.
563 157 611 203 on
624 131 706 204 vrri
723 152 1047 211 clomannorum.

43 325 64 371 e
94 313 179 374 tinnis
194 321 262 392 post
282 330 399 396 qaenam
419 312 530 372 canenti
548 313 575 371 iu
591 312 705 372 multam
721 321 835 372 noctem
857 313 1000 388 assidens,
1023 331 1093 391 pau·

93 397 170 458 latim
184 406 213 456 et
229 398 292 476 ipse
307 397 437 456 meditari
457 397 649 477 fflcerique
666 398 772 474 coepit,
786 415 880 486 qeque
897 415 995 456 eormn
1012 399 1092 475 quic-

95 499 177 560 quam
195 483 350 556 omittere,
373 499 446 558 quae
462 473 588 558 'genesis
601 482 664 560 eius
674 481 800 540 artifices
813 474 859 538 vel
873 480 1093 558 conservapdqe

94 567 176 625 vocis
195 551 281 625 causa
299 564 346 623 vel
362 555 703 650 augendaeiactit‘arenb
724 563 819 651 sgdgt
834 557 996 642 plumbeam
1009 564 1091 646 Q·

94 659 150 708 tam
169 651 287 728 supinus
312 643 433 727 pectore
455 643 611 724 sustinete,
634 657 663 707 et
686 647 812 722 clystere
833 649 1000 726 vomituque
1024 662 1119 726 pur-s

89 725 174 810 ⁸gaii,
197 741 226 792 et
241 731 386 792 abstinere
404 728 495 820 pomis
513 732 643 812 cibisque
667 731 875 807 letmntibus3
897 732 990 792 donee
1011 731 1092 793 blau-

95 817 190 877 diente
206 817 340 895 proiectu
357 818 543 896 (quamquam
560 817 781 894 exiguae'vocis
793 825 822 875 et
835 816 953 897 bracae)
973 815 1093 895 prodire
1167 807 1173 817 ’

94 903 122 961 in
138 919 253 961 scenam
272 903 428 986 concupiit,
450 900 571 961 subinde
592 902 667 958 inter
686 900 841 960 familiares
857 899 999 961 Graecum
1023 916 1091 979 pro·

45 985 224 1062 „verbium
239 981 359 1057 iactans,
376 985 669 1066 occultacmucicoc
685 982 800 1044 natium
816 1001 884 1044 csse
907 991 1090 1064 reapecbcm.

94 1067 132 1129 Et
146 1068 242 1148 prodit
255 1067 380 1147 Neapoli
396 1072 530 1146 primum,
554 1062 651 1138 acne,
668 1085 810 1128 concusso
834 1069 947 1146 quidem
967 1061 1129 1150 repentem

95 1162 171 1212 motu
186 1145 408 1211 ter'rae‘th'eat'ro
423 1163 488 1213 ante
505 1162 621 1214 cantare
638 1151 752 1228 destitit,
768 1170 850 1230 quam
866 1152 1028 1213 inchoatum
1042 1151 1090 1212 ab·

95 1237 224 1296 solveret
245 1251 359 1314 nomon.
397 1234 505 1295 Ibidem
526 1238 642 1314 saepius
666 1245 694 1294 et
716 1254 769 1314 per
783 1236 1092 1314 complurescantavit

96 1321 172 1384 dies;
189 1327 302 1397 sumpto
319 1319 402 1377 etiam
419 1320 453 1378 ad
473 1319 658 1380 reficiendam
673 1337 774 1378 vocem
787 1320 869 1380 brevi
881 1330 1024 1399 tempore,
1041 1321 1090 1378 irn-

42 1442 45 1448 ·
95 1403 206 1483 patiens
227 1404 333 1462 secreti
355 1420 371 1462 a
393 1400 513 1462 balineis
532 1406 559 1462 in
577 1403 717 1464 theatrum
740 1403 867 1480 transiit,
890 1403 1041 1482 mediaque
1062 1405 1091 1462 in

96 1486 245 1547 orchestra
259 1486 411 1564 frequente
427 1487 538 1566 populo
554 1487 697 1568 epulatus,
714 1487 743 1548 ai
751 1488 882 1566 poclum
893 1486 1129 1564 subdidisset,.1s

96 1569 215 1649 aliquid
241 1587 275 1630 sc
295 1569 416 1654 suffecti
437 1571 612 1632 tinniturum
641 1571 754 1632 Gracco
785 1590 920 1633 sermone
949 1573 1090 1651 promisit.

75 1647 204 1732 ‘Captus
227 1648 328 1714 autem'
343 1654 496 1715 modulatis
516 1655 776 1716 Alexandrinorum
798 1654 1018 1733 laudationibus,
1043 1656 1091 1734 qui

5 1785 6 1788 ,
95 1740 131 1800 dc
153 1757 231 1798 novo
253 1737 418 1799 commeatu
428 1738 582 1818 Neapolim
605 1739 819 1817 conduxerant,
843 1741 943 1820 plures
962 1741 1089 1802 Alexan-

4 1869 5 1872 *
43 1823 45 1826 ’
95 1824 155 1883 dria
171 1824 314 1883 evocavit.
363 1822 466 1901 Neque
488 1841 524 1882 eo
548 1825 671 1901 segnius
691 1824 925 1886 adulescentulos
947 1826 1090 1904 equestris

96 1907 202 1969 ordinis
219 1916 247 1966 et
263 1910 388 1985 quinque
406 1907 526 1986 amplius
542 1909 619 1968 milia
632 1927 648 1968 e
660 1901 748 1988 plebe
762 1909 981 1969 robustissimae
993 1912 1089 1968 iuven·
1100 1923 1128 1965 ao

95 1993 159 2051 tutis
175 1991 299 2068 undique
316 1990 415 2067 elegit,
432 1994 479 2070 qui
495 1991 579 2052 divisi
596 1993 797 2070 iniectiones,
814 1992 964 2072 plausuum
979 2010 1090 2070 genera

29 2095 31 2098 ·
97 2075 299 2154 condiscerent
319 2073 458 2153 (bombos
478 2085 507 2135 et
526 2076 660 2136 imbrices
682 2085 710 2136 et
732 2086 822 2138 testas
842 2077 1002 2156 vocabant)
1019 2094 1089 2156 ope·

51 2169 57 2189 t
96 2176 213 2234 remque
232 2167 371 2216 navarent
388 2161 512 2219 cantanti
528 2161 741 2244 sibi,liusignes
757 2163 943 2240 pinguissima
964 2179 1045 2222 coma
1062 2169 1090 2220 et

97 2239 342 2300 excellentissimo
358 2242 578 2326 cultatispueris
596 2263 631 2304 ac
646 2247 708 2304 sine
729 2246 814 2307 anulo
836 2231 1090 2328 laeviiquuorum

62 2322 397 2402 ,uoces-quadringena
413 2327 489 2386 milia
505 2330 639 2389 sestertia
653 2328 811 2389 merebant.
1100 2341 1127 2400 ²⁵,

53 2415 86 2466 at
159 2405 229 2468 Cum
244 2409 339 2486 magni
356 2413 518 2471 aestimaret
535 2421 650 2472 eantare
672 2414 756 2473 etiam
775 2413 900 2491 Romae,
924 2413 1090 2474 Neroneum

95 2510 189 2570 agona
218 2502 283 2553 aute
318 2497 515 2571 praestitutam
541 2495 617 2558 diem
645 2499 809 2572 revocavit,
838 2497 1091 2577 flagitantibusque

96 2578 205 2637 cunctis
222 2576 378 2638 caelestem
398 2596 499 2639 vocem
514 2580 665 2658 respondit
680 2580 793 2660 quidem
810 2581 845 2641 in
862 2581 961 2658 bortis
985 2600 1017 2642 se
1040 2599 1089 2642 co·

96 2662 170 2738 piam
185 2661 349 2740 volentibus
364 2663 520 2740 iacturum,
537 2664 589 2725 sed
605 2664 755 2728 adiuvante
777 2666 857 2743 vulgi
878 2684 983 2744 preces
1006 2665 1090 2726 etiam

96 2743 217 2804 statione
233 2745 452 2826 militum-quae
468 2758 535 2809 tunc
547 2747 719 2826 excubabat,
736 2755 1048 2828 repraesentaturam
1057 2767 1089 2809 se
1100 2765 1129 2806 ao

96 2827 242 2905 pollicitus
258 2837 303 2888 est
318 2829 426 2900 libens;
449 2850 484 2892 ac
500 2834 562 2893 siue
579 2849 660 2893 mora
673 2850 776 2893 nomen
793 2837 915 2902 suumin
934 2834 1001 2894 albo
1025 2850 1090 2913 pro-

96 2912 232 2969 fitentium
248 2912 477 2975 citharoedorum
493 2918 575 2976 iussit
591 2915 712 2993 ascribi,
729 2916 925 2996 sorticulaque
942 2918 970 2978 in
992 2935 1090 2978 urnam

3 3023 4 3028 κ
96 3011 159 3052 cum
175 2996 280 3053 ceteris
293 2995 426 3075 demissa,
440 3001 556 3061 intravit
566 3001 665 3061 ordine
678 3018 739 3076 suo,
756 3000 838 3061 simul
850 3002 994 3080 praelecti
1007 3021 1090 3081 prae·

94 3077 161 3136 torii
177 3077 311 3138 citharam
329 3084 515 3160 sustinentes,
531 3094 599 3164 post
613 3084 716 3144 tribuni
732 3085 860 3162 militum,
873 3088 1009 3164 iuxtaque
1022 3087 1089 3146 ami·

93 3177 193 3221 corum
209 3163 305 3222 intimi.
336 3165 431 3243 thue
450 3167 588 3245 constitit,
604 3175 724 3247 peraeto
741 3170 893 3248 principio,
909 3167 1043 3230 Niobam
1058 3185 1129 3232 aeas

94 3251 290 3306 cantatorum
306 3266 359 3326 per
375 3247 504 3310 Cluvium
519 3252 623 3313 linium
640 3253 821 3314 consularem
845 3254 1041 3334 pronuntiavit
1063 3263 1092 3314 et

94 3329 122 3386 iu
143 3327 243 3388 boram
265 3330 328 3390 iere
349 3331 488 3393 decimam
512 3339 729 3414 perseveravit,
759 3351 955 3418 coronamque·
974 3355 1040 3398 eam
1064 3345 1093 3397 et

93 3399 234 3489 relbquam
250 3417 412 3476 certaminis
427 3426 538 3496 partem
553 3420 580 3478 in
600 3437 701 3480 annum
722 3431 889 3500 sequentem
912 3421 1042 3494 distulit,·
1063 3432 1093 3482 ut
