<?xml version="1.0" encoding="UTF-8"?>
<!DOCTYPE html PUBLIC "-//W3C//DTD XHTML 1.0 Transitional//EN"
    "http://www.w3.org/TR/xhtml1/DTD/xhtml1-transitional.dtd">
<html xmlns="http://www.w3.org/1999/xhtml" xml:lang="en" lang="en">
 <head>
  <title>
</title>
<meta http-equiv="Content-Type" content="text/html;charset=utf-8" />
  <meta name='ocr-system' content='tesseract 3.04.00' />
  <meta name='ocr-capabilities' content='ocr_page ocr_carea ocr_par ocr_line ocrx_word'/>
</head>
<body>
  <div class='ocr_page' id='page_1' title='image "./csuetonitranqui00rothgoog_0192.png"; bbox 0 0 2444 3872; ppageno 0'>
   <div class='ocr_carea' id='block_1_1' title="bbox 111 220 1039 296">
    <p class='ocr_par' dir='ltr' id='par_1_1' title="bbox 111 220 1039 296">
     <span class='ocr_line' id='line_1_1' title="bbox 111 220 1039 296; baseline 0.001 -12"><span class='ocrx_word' id='word_1_1' title='bbox 111 220 153 285; x_wconf 80' lang='lat'><strong>82</strong></span> <span class='ocrx_word' id='word_1_2' title='bbox 197 233 228 282; x_wconf 91' lang='lat' dir='ltr'><strong>c.</strong></span> <span class='ocrx_word' id='word_1_3' title='bbox 244 233 394 282; x_wconf 72' lang='lat' dir='ltr'><strong>sunnone</strong></span> <span class='ocrx_word' id='word_1_4' title='bbox 410 233 538 296; x_wconf 79' lang='grc' dir='ltr'>ιιιιιιιιι.</span> <span class='ocrx_word' id='word_1_5' title='bbox 554 235 602 282; x_wconf 82' lang='lat' dir='ltr'><strong>on</strong></span> <span class='ocrx_word' id='word_1_6' title='bbox 617 233 698 283; x_wconf 83' lang='grc' dir='ltr'>ιιιιι</span> <span class='ocrx_word' id='word_1_7' title='bbox 716 233 900 283; x_wconf 67' lang='lat' dir='ltr'><strong>consanum</strong></span> <span class='ocrx_word' id='word_1_8' title='bbox 917 236 985 286; x_wconf 81' lang='lat' dir='ltr'><strong>ms.</strong></span> <span class='ocrx_word' id='word_1_9' title='bbox 1000 238 1039 286; x_wconf 91' lang='lat'><strong>11.</strong></span> 
     </span>
    </p>
   </div>
   <div class='ocr_carea' id='block_1_2' title="bbox 9 387 1213 3578">
    <p class='ocr_par' dir='ltr' id='par_1_2' title="bbox 9 387 1213 3578">
     <span class='ocr_line' id='line_1_2' title="bbox 112 387 1118 470; baseline 0.004 -19"><span class='ocrx_word' id='word_1_10' title='bbox 112 392 303 470; x_wconf 74' lang='lat' dir='ltr'><strong>imperasset,</strong></span> <span class='ocrx_word' id='word_1_11' title='bbox 330 406 365 449; x_wconf 93' lang='lat' dir='ltr'><strong>ac</strong></span> <span class='ocrx_word' id='word_1_12' title='bbox 391 387 484 450; x_wconf 89' lang='lat' dir='ltr'><strong>subita</strong></span> <span class='ocrx_word' id='word_1_13' title='bbox 509 389 662 468; x_wconf 77' lang='lat' dir='ltr'>eruptione</span> <span class='ocrx_word' id='word_1_14' title='bbox 683 388 784 454; x_wconf 82' lang='lat' dir='ltr'><strong>hostes</strong></span> <span class='ocrx_word' id='word_1_15' title='bbox 806 403 919 454; x_wconf 83' lang='lat' dir='ltr'><strong>omnem</strong></span> <span class='ocrx_word' id='word_1_16' title='bbox 939 394 982 454; x_wconf 89' lang='lat' dir='ltr'><strong>rei</strong></span> <span class='ocrx_word' id='word_1_17' title='bbox 1002 392 1118 455; x_wconf 85' lang='lat' dir='ltr'><strong>divinae</strong></span> 
     </span>
     <span class='ocr_line' id='line_1_3' title="bbox 112 471 1213 556; baseline 0.002 -19"><span class='ocrx_word' id='word_1_18' title='bbox 112 481 282 554; x_wconf 85' lang='lat' dir='ltr'><strong>apparatum</strong></span> <span class='ocrx_word' id='word_1_19' title='bbox 298 471 499 550; x_wconf 75' lang='lat' dir='ltr'><strong>abstulissent,</strong></span> <span class='ocrx_word' id='word_1_20' title='bbox 517 475 644 534; x_wconf 90' lang='lat' dir='ltr'><strong>constitit</strong></span> <span class='ocrx_word' id='word_1_21' title='bbox 658 474 733 534; x_wconf 88' lang='lat' dir='ltr'><strong>inter</strong></span> <span class='ocrx_word' id='word_1_22' title='bbox 746 474 933 556; x_wconf 80' lang='lat' dir='ltr'><strong>haruspices,</strong></span> <span class='ocrx_word' id='word_1_23' title='bbox 948 494 1023 556; x_wconf 89' lang='lat' dir='ltr'><strong>quac</strong></span> <span class='ocrx_word' id='word_1_24' title='bbox 1038 480 1116 556; x_wconf 86' lang='lat' dir='ltr'><strong>peri-</strong></span> <span class='ocrx_word' id='word_1_25' title='bbox 1212 523 1213 526; x_wconf 63' lang='lat'><strong>,</strong></span> 
     </span>
     <span class='ocr_line' id='line_1_4' title="bbox 113 556 1117 638; baseline 0.002 -18"><span class='ocrx_word' id='word_1_26' title='bbox 113 559 213 620; x_wconf 92' lang='lat' dir='ltr'><strong>culosa</strong></span> <span class='ocrx_word' id='word_1_27' title='bbox 235 564 264 617; x_wconf 91' lang='lat' dir='ltr'><strong>et</strong></span> <span class='ocrx_word' id='word_1_28' title='bbox 289 556 412 617; x_wconf 83' lang='lat' dir='ltr'><strong>aduersa</strong></span> <span class='ocrx_word' id='word_1_29' title='bbox 438 557 611 618; x_wconf 86' lang='lat' dir='ltr'><strong>sacriticanti</strong></span> <span class='ocrx_word' id='word_1_30' title='bbox 632 556 796 620; x_wconf 86' lang='lat' dir='ltr'><strong>denuntiata</strong></span> <span class='ocrx_word' id='word_1_31' title='bbox 819 568 934 638; x_wconf 78' lang='lat' dir='ltr'><strong>essem,</strong></span> <span class='ocrx_word' id='word_1_32' title='bbox 963 570 1065 622; x_wconf 89' lang='lat' dir='ltr'><strong>cuncta</strong></span> <span class='ocrx_word' id='word_1_33' title='bbox 1086 564 1117 622; x_wconf 91' lang='lat' dir='ltr'><strong>iu</strong></span> 
     </span>
     <span class='ocr_line' id='line_1_5' title="bbox 118 641 1118 724; baseline 0.002 -20"><span class='ocrx_word' id='word_1_34' title='bbox 118 646 200 724; x_wconf 88' lang='lat' dir='ltr'><strong>ipsos</strong></span> <span class='ocrx_word' id='word_1_35' title='bbox 214 658 352 701; x_wconf 79' lang='lat' dir='ltr'><strong>recasura</strong></span> <span class='ocrx_word' id='word_1_36' title='bbox 366 642 414 720; x_wconf 91' lang='lat' dir='ltr'><strong>qui</strong></span> <span class='ocrx_word' id='word_1_37' title='bbox 429 649 496 702; x_wconf 87' lang='lat' dir='ltr'><strong>exta</strong></span> <span class='ocrx_word' id='word_1_38' title='bbox 510 641 664 712; x_wconf 86' lang='lat' dir='ltr'><strong>haberent;</strong></span> <span class='ocrx_word' id='word_1_39' title='bbox 683 660 778 721; x_wconf 88' lang='lat' dir='ltr'><strong>neque</strong></span> <span class='ocrx_word' id='word_1_40' title='bbox 792 641 877 706; x_wconf 88' lang='lat' dir='ltr'><strong>aliter</strong></span> <span class='ocrx_word' id='word_1_41' title='bbox 893 646 997 705; x_wconf 82' lang='lat' dir='ltr'><strong>evenit</strong></span> <span class='ocrx_word' id='word_1_42' title='bbox 1019 645 1118 706; x_wconf 78' lang='lat' dir='ltr'><strong>Pridie</strong></span> 
     </span>
     <span class='ocr_line' id='line_1_6' title="bbox 112 724 1138 826; baseline 0 -37"><span class='ocrx_word' id='word_1_43' title='bbox 112 745 195 809; x_wconf 87' lang='lat' dir='ltr'><strong>quam</strong></span> <span class='ocrx_word' id='word_1_44' title='bbox 208 725 392 786; x_wconf 85' lang='lat' dir='ltr'><strong>Siciliensem</strong></span> <span class='ocrx_word' id='word_1_45' title='bbox 407 743 533 826; x_wconf 76' lang='lat' dir='ltr'><strong>pugnam</strong></span> <span class='ocrx_word' id='word_1_46' title='bbox 549 724 644 786; x_wconf 88' lang='lat' dir='ltr'><strong>classe</strong></span> <span class='ocrx_word' id='word_1_47' title='bbox 659 728 860 804; x_wconf 85' lang='lat' dir='ltr'><strong>committeret,</strong></span> <span class='ocrx_word' id='word_1_48' title='bbox 878 727 1092 791; x_wconf 78' lang='lat' dir='ltr'><strong>deambulanti</strong></span> <span class='ocrx_word' id='word_1_49' title='bbox 1083 747 1138 789; x_wconf 85' lang='lat' dir='ltr'><strong>ms</strong></span> 
     </span>
     <span class='ocr_line' id='line_1_7' title="bbox 110 808 1117 911; baseline 0.002 -37"><span class='ocrx_word' id='word_1_50' title='bbox 110 813 197 874; x_wconf 88' lang='lat' dir='ltr'><strong>litore</strong></span> <span class='ocrx_word' id='word_1_51' title='bbox 216 811 306 890; x_wconf 89' lang='lat' dir='ltr'><strong>piscis</strong></span> <span class='ocrx_word' id='word_1_52' title='bbox 321 826 337 869; x_wconf 93' lang='lat' dir='ltr'><strong>e</strong></span> <span class='ocrx_word' id='word_1_53' title='bbox 352 812 423 871; x_wconf 86' lang='lat' dir='ltr'><strong>mari</strong></span> <span class='ocrx_word' id='word_1_54' title='bbox 434 809 548 870; x_wconf 82' lang='lat' dir='ltr'><strong>exiliuit</strong></span> <span class='ocrx_word' id='word_1_55' title='bbox 562 817 592 870; x_wconf 89' lang='lat' dir='ltr'><strong>et</strong></span> <span class='ocrx_word' id='word_1_56' title='bbox 607 808 643 872; x_wconf 87' lang='lat' dir='ltr'><strong>ad</strong></span> <span class='ocrx_word' id='word_1_57' title='bbox 657 809 750 888; x_wconf 87' lang='lat' dir='ltr'><strong>pedes</strong></span> <span class='ocrx_word' id='word_1_58' title='bbox 767 812 864 872; x_wconf 86' lang='lat' dir='ltr'><strong>iacuit.</strong></span> <span class='ocrx_word' id='word_1_59' title='bbox 872 811 982 911; x_wconf 82' lang='lat' dir='ltr'><strong>Apud</strong></span> <span class='ocrx_word' id='word_1_60' title='bbox 999 812 1117 876; x_wconf 79' lang='lat' dir='ltr'><strong>Actium</strong></span> 
     </span>
     <span class='ocr_line' id='line_1_8' title="bbox 112 893 1117 973; baseline -0.002 -15"><span class='ocrx_word' id='word_1_61' title='bbox 112 893 328 958; x_wconf 78' lang='lat' dir='ltr'><strong>descendenti</strong></span> <span class='ocrx_word' id='word_1_62' title='bbox 319 911 347 954; x_wconf 89' lang='lat' dir='ltr'><strong>m</strong></span> <span class='ocrx_word' id='word_1_63' title='bbox 368 895 460 964; x_wconf 83' lang='lat' dir='ltr'><strong>aciem</strong></span> <span class='ocrx_word' id='word_1_64' title='bbox 478 893 586 955; x_wconf 90' lang='lat' dir='ltr'><strong>asellus</strong></span> <span class='ocrx_word' id='word_1_65' title='bbox 607 909 671 955; x_wconf 91' lang='lat' dir='ltr'><strong>cum</strong></span> <span class='ocrx_word' id='word_1_66' title='bbox 692 895 816 956; x_wconf 79' lang='lat' dir='ltr'><strong>asinario</strong></span> <span class='ocrx_word' id='word_1_67' title='bbox 837 897 982 973; x_wconf 85' lang='lat' dir='ltr'><strong>occurrit,</strong></span> <span class='ocrx_word' id='word_1_68' title='bbox 1008 896 1117 958; x_wconf 86' lang='lat' dir='ltr'><strong>homiui</strong></span> 
     </span>
     <span class='ocr_line' id='line_1_9' title="bbox 111 976 1116 1059; baseline 0.001 -18"><span class='ocrx_word' id='word_1_69' title='bbox 111 979 277 1056; x_wconf 73' lang='lat' dir='ltr'><strong>Eutychus,</strong></span> <span class='ocrx_word' id='word_1_70' title='bbox 299 977 411 1038; x_wconf 85' lang='lat' dir='ltr'><strong>bestiae</strong></span> <span class='ocrx_word' id='word_1_71' title='bbox 430 976 525 1038; x_wconf 89' lang='lat' dir='ltr'><strong>Nicon</strong></span> <span class='ocrx_word' id='word_1_72' title='bbox 547 986 611 1038; x_wconf 86' lang='lat' dir='ltr'><strong>erat</strong></span> <span class='ocrx_word' id='word_1_73' title='bbox 624 995 742 1047; x_wconf 89' lang='lat' dir='ltr'><strong>nomen;</strong></span> <span class='ocrx_word' id='word_1_74' title='bbox 770 980 917 1059; x_wconf 84' lang='lat' dir='ltr'><strong>utriusque</strong></span> <span class='ocrx_word' id='word_1_75' title='bbox 933 980 1116 1042; x_wconf 78' lang='lat' dir='ltr'><strong>simulacrum</strong></span> 
     </span>
     <span class='ocr_line' id='line_1_10' title="bbox 112 1061 1115 1141; baseline 0 -15"><span class='ocrx_word' id='word_1_76' title='bbox 112 1080 233 1126; x_wconf 90' lang='lat' dir='ltr'><strong>aeneum</strong></span> <span class='ocrx_word' id='word_1_77' title='bbox 253 1065 347 1124; x_wconf 87' lang='lat' dir='ltr'><strong>victor</strong></span> <span class='ocrx_word' id='word_1_78' title='bbox 367 1064 464 1141; x_wconf 87' lang='lat' dir='ltr'><strong>posuit</strong></span> <span class='ocrx_word' id='word_1_79' title='bbox 485 1063 514 1120; x_wconf 91' lang='lat' dir='ltr'><strong>in</strong></span> <span class='ocrx_word' id='word_1_80' title='bbox 532 1061 660 1141; x_wconf 89' lang='lat' dir='ltr'><strong>templo,</strong></span> <span class='ocrx_word' id='word_1_81' title='bbox 680 1064 709 1121; x_wconf 92' lang='lat' dir='ltr'><strong>in</strong></span> <span class='ocrx_word' id='word_1_82' title='bbox 726 1062 804 1140; x_wconf 88' lang='lat' dir='ltr'><strong>quod</strong></span> <span class='ocrx_word' id='word_1_83' title='bbox 822 1072 983 1124; x_wconf 87' lang='lat' dir='ltr'><strong>castrorum</strong></span> <span class='ocrx_word' id='word_1_84' title='bbox 998 1082 1115 1128; x_wconf 88' lang='lat' dir='ltr'><strong>suorum</strong></span> 
     </span>
     <span class='ocr_line' id='line_1_11' title="bbox 111 1146 1151 1210; baseline -0.001 0"><span class='ocrx_word' id='word_1_85' title='bbox 111 1149 208 1210; x_wconf 90' lang='lat' dir='ltr'><strong>locum</strong></span> <span class='ocrx_word' id='word_1_86' title='bbox 221 1146 318 1206; x_wconf 84' lang='lat' dir='ltr'><strong>vertit.</strong></span> <span class='ocrx_word' id='word_1_87' title='bbox 1125 1167 1151 1209; x_wconf 91' lang='grc' dir='ltr'><strong>ιι</strong></span> 
     </span>
     <span class='ocr_line' id='line_1_12' title="bbox 67 1229 1213 1310; baseline 0 -19"><span class='ocrx_word' id='word_1_88' title='bbox 67 1240 102 1298; x_wconf 86' lang='grc'><strong>97</strong></span> <span class='ocrx_word' id='word_1_89' title='bbox 174 1230 254 1292; x_wconf 77' lang='lat' dir='ltr'><strong>mors</strong></span> <span class='ocrx_word' id='word_1_90' title='bbox 273 1229 478 1309; x_wconf 86' lang='lat' dir='ltr'><strong>quoqueeius,</strong></span> <span class='ocrx_word' id='word_1_91' title='bbox 503 1229 540 1288; x_wconf 91' lang='lat' dir='ltr'><strong>de</strong></span> <span class='ocrx_word' id='word_1_92' title='bbox 558 1229 693 1308; x_wconf 89' lang='lat' dir='ltr'><strong>quahinc</strong></span> <span class='ocrx_word' id='word_1_93' title='bbox 710 1231 802 1303; x_wconf 87' lang='lat' dir='ltr'><strong>dicam</strong></span> <span class='ocrx_word' id='word_1_94' title='bbox 810 1231 1030 1310; x_wconf 86' lang='lat' dir='ltr'><strong>,divinitasque</strong></span> <span class='ocrx_word' id='word_1_95' title='bbox 1045 1240 1116 1310; x_wconf 86' lang='lat' dir='ltr'><strong>post</strong></span> <span class='ocrx_word' id='word_1_96' title='bbox 1212 1287 1213 1291; x_wconf 75' lang='grc'>,</span> 
     </span>
     <span class='ocr_line' id='line_1_13' title="bbox 94 1313 1115 1393; baseline 0.003 -18"><span class='ocrx_word' id='word_1_97' title='bbox 94 1323 231 1387; x_wconf 86' lang='lat' dir='ltr'><strong>¹mortem</strong></span> <span class='ocrx_word' id='word_1_98' title='bbox 248 1313 471 1374; x_wconf 84' lang='lat' dir='ltr'><strong>euidentissimis</strong></span> <span class='ocrx_word' id='word_1_99' title='bbox 486 1314 607 1374; x_wconf 85' lang='lat' dir='ltr'><strong>ostentis</strong></span> <span class='ocrx_word' id='word_1_100' title='bbox 622 1317 817 1393; x_wconf 77' lang='lat' dir='ltr'><strong>praecognita</strong></span> <span class='ocrx_word' id='word_1_101' title='bbox 832 1323 886 1375; x_wconf 89' lang='lat' dir='ltr'><strong>est.</strong></span> <span class='ocrx_word' id='word_1_102' title='bbox 912 1313 983 1376; x_wconf 81' lang='lat' dir='ltr'><strong>Gum</strong></span> <span class='ocrx_word' id='word_1_103' title='bbox 994 1315 1115 1378; x_wconf 84' lang='lat' dir='ltr'><strong>lustrum</strong></span> 
     </span>
     <span class='ocr_line' id='line_1_14' title="bbox 110 1396 1114 1478; baseline 0.002 -19"><span class='ocrx_word' id='word_1_104' title='bbox 110 1402 138 1459; x_wconf 91' lang='lat' dir='ltr'><strong>in</strong></span> <span class='ocrx_word' id='word_1_105' title='bbox 161 1414 264 1477; x_wconf 90' lang='lat' dir='ltr'><strong>campo</strong></span> <span class='ocrx_word' id='word_1_106' title='bbox 279 1396 382 1458; x_wconf 85' lang='lat' dir='ltr'><strong>Martio</strong></span> <span class='ocrx_word' id='word_1_107' title='bbox 409 1413 514 1475; x_wconf 87' lang='lat' dir='ltr'><strong>magna</strong></span> <span class='ocrx_word' id='word_1_108' title='bbox 536 1397 637 1476; x_wconf 89' lang='lat' dir='ltr'><strong>populi</strong></span> <span class='ocrx_word' id='word_1_109' title='bbox 658 1399 821 1478; x_wconf 88' lang='lat' dir='ltr'><strong>frequentia</strong></span> <span class='ocrx_word' id='word_1_110' title='bbox 844 1399 997 1475; x_wconf 87' lang='lat' dir='ltr'><strong>conderet,</strong></span> <span class='ocrx_word' id='word_1_111' title='bbox 1016 1400 1114 1478; x_wconf 89' lang='lat' dir='ltr'><strong>aquila</strong></span> 
     </span>
     <span class='ocr_line' id='line_1_15' title="bbox 59 1480 1114 1562; baseline -0.004 -14"><span class='ocrx_word' id='word_1_112' title='bbox 59 1544 61 1548; x_wconf 85' lang='lat'>.</span> <span class='ocrx_word' id='word_1_113' title='bbox 110 1499 175 1545; x_wconf 86' lang='lat' dir='ltr'><strong>cum</strong></span> <span class='ocrx_word' id='word_1_114' title='bbox 191 1483 307 1560; x_wconf 88' lang='lat' dir='ltr'><strong>saepius</strong></span> <span class='ocrx_word' id='word_1_115' title='bbox 322 1480 540 1548; x_wconf 85' lang='lat' dir='ltr'><strong>circumvolavit</strong></span> <span class='ocrx_word' id='word_1_116' title='bbox 545 1490 813 1562; x_wconf 78' lang='lat' dir='ltr'><strong>,transgressaque</strong></span> <span class='ocrx_word' id='word_1_117' title='bbox 829 1484 857 1542; x_wconf 93' lang='lat' dir='ltr'><strong>in</strong></span> <span class='ocrx_word' id='word_1_118' title='bbox 873 1485 996 1544; x_wconf 86' lang='lat' dir='ltr'><strong>vicinam</strong></span> <span class='ocrx_word' id='word_1_119' title='bbox 1011 1483 1114 1544; x_wconf 88' lang='lat' dir='ltr'><strong>aedem</strong></span> 
     </span>
     <span class='ocr_line' id='line_1_16' title="bbox 16 1563 1150 1646; baseline -0.002 -18"><span class='ocrx_word' id='word_1_120' title='bbox 16 1586 18 1590; x_wconf 90' lang='lat'>·</span> <span class='ocrx_word' id='word_1_121' title='bbox 109 1585 198 1646; x_wconf 88' lang='lat' dir='ltr'><strong>super</strong></span> <span class='ocrx_word' id='word_1_122' title='bbox 212 1583 317 1626; x_wconf 90' lang='lat' dir='ltr'><strong>nomen</strong></span> <span class='ocrx_word' id='word_1_123' title='bbox 326 1563 478 1645; x_wconf 78' lang='lat' dir='ltr'><strong>Agrippae</strong></span> <span class='ocrx_word' id='word_1_124' title='bbox 494 1564 530 1626; x_wconf 86' lang='lat' dir='ltr'><strong>ad</strong></span> <span class='ocrx_word' id='word_1_125' title='bbox 541 1582 660 1645; x_wconf 83' lang='lat' dir='ltr'><strong>prunam</strong></span> <span class='ocrx_word' id='word_1_126' title='bbox 672 1566 795 1627; x_wconf 79' lang='lat' dir='ltr'><strong>litteram</strong></span> <span class='ocrx_word' id='word_1_127' title='bbox 808 1565 897 1637; x_wconf 84' lang='lat' dir='ltr'><strong>sedit;</strong></span> <span class='ocrx_word' id='word_1_128' title='bbox 915 1566 1150 1645; x_wconf 81' lang='lat' dir='ltr'><strong>quoanimad·1s</strong></span> 
     </span>
     <span class='ocr_line' id='line_1_17' title="bbox 109 1649 1112 1730; baseline -0.002 -19"><span class='ocrx_word' id='word_1_129' title='bbox 109 1667 197 1712; x_wconf 82' lang='lat' dir='ltr'><strong>verso</strong></span> <span class='ocrx_word' id='word_1_130' title='bbox 215 1659 283 1711; x_wconf 90' lang='lat' dir='ltr'><strong>vota</strong></span> <span class='ocrx_word' id='word_1_131' title='bbox 290 1667 391 1728; x_wconf 89' lang='lat' dir='ltr'><strong>,quac</strong></span> <span class='ocrx_word' id='word_1_132' title='bbox 409 1651 437 1709; x_wconf 89' lang='lat' dir='ltr'><strong>in</strong></span> <span class='ocrx_word' id='word_1_133' title='bbox 453 1651 613 1727; x_wconf 85' lang='lat' dir='ltr'><strong>proximum</strong></span> <span class='ocrx_word' id='word_1_134' title='bbox 631 1649 750 1712; x_wconf 89' lang='lat' dir='ltr'><strong>lustrum</strong></span> <span class='ocrx_word' id='word_1_135' title='bbox 765 1653 875 1730; x_wconf 86' lang='lat' dir='ltr'><strong>suscipi</strong></span> <span class='ocrx_word' id='word_1_136' title='bbox 889 1668 951 1711; x_wconf 92' lang='lat' dir='ltr'><strong>mos</strong></span> <span class='ocrx_word' id='word_1_137' title='bbox 967 1659 1028 1726; x_wconf 90' lang='lat' dir='ltr'><strong>est,</strong></span> <span class='ocrx_word' id='word_1_138' title='bbox 1051 1651 1112 1710; x_wconf 92' lang='lat' dir='ltr'><strong>col·</strong></span> 
     </span>
     <span class='ocr_line' id='line_1_18' title="bbox 109 1722 1114 1814; baseline -0.003 -18"><span class='ocrx_word' id='word_1_139' title='bbox 109 1735 206 1814; x_wconf 82' lang='lat' dir='ltr'><strong>legam</strong></span> <span class='ocrx_word' id='word_1_140' title='bbox 226 1752 307 1796; x_wconf 90' lang='lat' dir='ltr'><strong>suum</strong></span> <span class='ocrx_word' id='word_1_141' title='bbox 322 1732 467 1794; x_wconf 83' lang='lat' dir='ltr'><strong>Tiberium</strong></span> <span class='ocrx_word' id='word_1_142' title='bbox 485 1751 651 1813; x_wconf 85' lang='lat' dir='ltr'><strong>nuncupare</strong></span> <span class='ocrx_word' id='word_1_143' title='bbox 669 1735 766 1796; x_wconf 89' lang='lat' dir='ltr'><strong>iussit.</strong></span> <span class='ocrx_word' id='word_1_144' title='bbox 793 1753 858 1795; x_wconf 86' lang='lat' dir='ltr'><strong>nam</strong></span> <span class='ocrx_word' id='word_1_145' title='bbox 882 1753 932 1811; x_wconf 89' lang='lat' dir='ltr'><strong>se,</strong></span> <span class='ocrx_word' id='word_1_146' title='bbox 951 1722 1114 1814; x_wconf 75' lang='lat' dir='ltr'><strong>quanquam</strong></span> 
     </span>
     <span class='ocr_line' id='line_1_19' title="bbox 9 1815 1113 1904; baseline -0.002 -24"><span class='ocrx_word' id='word_1_147' title='bbox 9 1883 11 1904; x_wconf 34' lang='grc' dir='ltr'>ι</span> <span class='ocrx_word' id='word_1_148' title='bbox 110 1821 284 1898; x_wconf 86' lang='lat' dir='ltr'><strong>conscriptis</strong></span> <span class='ocrx_word' id='word_1_149' title='bbox 302 1818 490 1897; x_wconf 78' lang='lat' dir='ltr'><strong>paratisque</strong></span> <span class='ocrx_word' id='word_1_150' title='bbox 481 1835 536 1878; x_wconf 89' lang='lat' dir='ltr'><strong>ram</strong></span> <span class='ocrx_word' id='word_1_151' title='bbox 549 1815 653 1879; x_wconf 89' lang='lat' dir='ltr'><strong>tabulis</strong></span> <span class='ocrx_word' id='word_1_152' title='bbox 661 1820 805 1896; x_wconf 76' lang='lat' dir='ltr'><strong>,negavit</strong></span> <span class='ocrx_word' id='word_1_153' title='bbox 822 1827 1022 1898; x_wconf 91' lang='lat' dir='ltr'><strong>suscepturum</strong></span> <span class='ocrx_word' id='word_1_154' title='bbox 1037 1836 1113 1897; x_wconf 88' lang='lat' dir='ltr'><strong>quae</strong></span> 
     </span>
     <span class='ocr_line' id='line_1_20' title="bbox 9 1901 1111 1981; baseline -0.002 -18"><span class='ocrx_word' id='word_1_155' title='bbox 9 1939 11 1974; x_wconf 68' lang='lat'>3</span> <span class='ocrx_word' id='word_1_156' title='bbox 108 1921 165 1963; x_wconf 91' lang='lat' dir='ltr'><strong>non</strong></span> <span class='ocrx_word' id='word_1_157' title='bbox 189 1911 269 1964; x_wconf 91' lang='lat' dir='ltr'><strong>esset</strong></span> <span class='ocrx_word' id='word_1_158' title='bbox 287 1902 442 1962; x_wconf 89' lang='lat' dir='ltr'><strong>soluturus.</strong></span> <span class='ocrx_word' id='word_1_159' title='bbox 480 1901 538 1962; x_wconf 86' lang='lat' dir='ltr'><strong>Sub</strong></span> <span class='ocrx_word' id='word_1_160' title='bbox 559 1901 635 1962; x_wconf 91' lang='lat' dir='ltr'><strong>idem</strong></span> <span class='ocrx_word' id='word_1_161' title='bbox 656 1911 769 1981; x_wconf 87' lang='lat' dir='ltr'><strong>tempus</strong></span> <span class='ocrx_word' id='word_1_162' title='bbox 790 1904 850 1970; x_wconf 81' lang='grc' dir='ltr'>,ιιιιιι</span> <span class='ocrx_word' id='word_1_163' title='bbox 870 1902 995 1963; x_wconf 83' lang='lat' dir='ltr'><strong>fulminis</strong></span> <span class='ocrx_word' id='word_1_164' title='bbox 1017 1921 1055 1964; x_wconf 86' lang='lat' dir='ltr'><strong>ex</strong></span> <span class='ocrx_word' id='word_1_165' title='bbox 1070 1903 1111 1962; x_wconf 90' lang='lat' dir='ltr'><strong>in·</strong></span> 
     </span>
     <span class='ocr_line' id='line_1_21' title="bbox 108 1986 1150 2067; baseline 0.002 -19"><span class='ocrx_word' id='word_1_166' title='bbox 108 1989 267 2067; x_wconf 87' lang='lat' dir='ltr'><strong>scriptione</strong></span> <span class='ocrx_word' id='word_1_167' title='bbox 282 1995 393 2047; x_wconf 84' lang='lat' dir='ltr'><strong>statuae</strong></span> <span class='ocrx_word' id='word_1_168' title='bbox 410 1987 471 2046; x_wconf 90' lang='lat' dir='ltr'><strong>eius</strong></span> <span class='ocrx_word' id='word_1_169' title='bbox 485 1987 576 2064; x_wconf 87' lang='lat' dir='ltr'><strong>prima</strong></span> <span class='ocrx_word' id='word_1_170' title='bbox 591 1987 713 2048; x_wconf 88' lang='lat' dir='ltr'><strong>nominis</strong></span> <span class='ocrx_word' id='word_1_171' title='bbox 729 1986 825 2047; x_wconf 88' lang='lat' dir='ltr'><strong>littera</strong></span> <span class='ocrx_word' id='word_1_172' title='bbox 842 1986 967 2058; x_wconf 81' lang='lat' dir='ltr'><strong>eilluxit;</strong></span> <span class='ocrx_word' id='word_1_173' title='bbox 988 2005 1110 2066; x_wconf 90' lang='lat' dir='ltr'><strong>respon·</strong></span> <span class='ocrx_word' id='word_1_174' title='bbox 1123 2011 1150 2053; x_wconf 83' lang='lat' dir='ltr'><strong>ao</strong></span> 
     </span>
     <span class='ocr_line' id='line_1_22' title="bbox 108 2069 1114 2149; baseline -0.003 -16"><span class='ocrx_word' id='word_1_175' title='bbox 108 2089 176 2133; x_wconf 89' lang='lat' dir='ltr'><strong>sum.</strong></span> <span class='ocrx_word' id='word_1_176' title='bbox 189 2080 244 2149; x_wconf 91' lang='lat' dir='ltr'><strong>est,</strong></span> <span class='ocrx_word' id='word_1_177' title='bbox 261 2079 374 2138; x_wconf 78' lang='lat' dir='ltr'><strong>centurn</strong></span> <span class='ocrx_word' id='word_1_178' title='bbox 388 2069 468 2130; x_wconf 88' lang='lat' dir='ltr'><strong>solos</strong></span> <span class='ocrx_word' id='word_1_179' title='bbox 484 2069 547 2129; x_wconf 89' lang='lat' dir='ltr'><strong>dies</strong></span> <span class='ocrx_word' id='word_1_180' title='bbox 562 2070 685 2148; x_wconf 87' lang='lat' dir='ltr'><strong>posthac</strong></span> <span class='ocrx_word' id='word_1_181' title='bbox 700 2071 850 2148; x_wconf 85' lang='lat' dir='ltr'><strong>uicturum,</strong></span> <span class='ocrx_word' id='word_1_182' title='bbox 866 2089 951 2149; x_wconf 88' lang='lat' dir='ltr'><strong>quem</strong></span> <span class='ocrx_word' id='word_1_183' title='bbox 965 2088 1114 2132; x_wconf 84' lang='lat' dir='ltr'><strong>numerum</strong></span> 
     </span>
     <span class='ocr_line' id='line_1_23' title="bbox 15 2153 1139 2253; baseline -0.003 -36"><span class='ocrx_word' id='word_1_184' title='bbox 15 2197 19 2204; x_wconf 87' lang='lat'><em>-</em></span> <span class='ocrx_word' id='word_1_185' title='bbox 109 2153 246 2217; x_wconf 79' lang='lat' dir='ltr'><strong>(liuttere</strong></span> <span class='ocrx_word' id='word_1_186' title='bbox 267 2161 395 2229; x_wconf 90' lang='lat' dir='ltr'><strong>notaret,</strong></span> <span class='ocrx_word' id='word_1_187' title='bbox 414 2153 596 2233; x_wconf 85' lang='lat' dir='ltr'><strong>futurumque</strong></span> <span class='ocrx_word' id='word_1_188' title='bbox 611 2162 641 2213; x_wconf 93' lang='lat' dir='ltr'><strong>ut</strong></span> <span class='ocrx_word' id='word_1_189' title='bbox 656 2155 732 2214; x_wconf 86' lang='lat' dir='ltr'><strong>inter</strong></span> <span class='ocrx_word' id='word_1_190' title='bbox 747 2153 1010 2253; x_wconf 80' lang='lat' dir='ltr'><strong>deosreierretur,</strong></span> <span class='ocrx_word' id='word_1_191' title='bbox 1034 2153 1139 2234; x_wconf 92' lang='lat' dir='ltr'><strong>quod</strong></span> 
     </span>
     <span class='ocr_line' id='line_1_24' title="bbox 108 2236 1153 2324; baseline -0.003 -24"><span class='ocrx_word' id='word_1_192' title='bbox 108 2257 209 2315; x_wconf 85' lang='lat' dir='ltr'><strong>assur,</strong></span> <span class='ocrx_word' id='word_1_193' title='bbox 230 2237 260 2298; x_wconf 92' lang='lat' dir='ltr'><strong>id</strong></span> <span class='ocrx_word' id='word_1_194' title='bbox 277 2247 322 2297; x_wconf 91' lang='lat' dir='ltr'><strong>est</strong></span> <span class='ocrx_word' id='word_1_195' title='bbox 334 2237 446 2316; x_wconf 88' lang='lat' dir='ltr'><strong>reliqua</strong></span> <span class='ocrx_word' id='word_1_196' title='bbox 463 2255 530 2317; x_wconf 87' lang='lat' dir='ltr'><strong>pars</strong></span> <span class='ocrx_word' id='word_1_197' title='bbox 546 2256 562 2296; x_wconf 92' lang='lat' dir='ltr'><strong>e</strong></span> <span class='ocrx_word' id='word_1_198' title='bbox 579 2236 713 2324; x_wconf 80' lang='lat' dir='ltr'><strong>Caesaris</strong></span> <span class='ocrx_word' id='word_1_199' title='bbox 729 2239 860 2316; x_wconf 85' lang='lat' dir='ltr'><strong>nomine,</strong></span> <span class='ocrx_word' id='word_1_200' title='bbox 876 2237 1000 2300; x_wconf 81' lang='lat' dir='ltr'><strong>Etrusca</strong></span> <span class='ocrx_word' id='word_1_201' title='bbox 1014 2239 1113 2316; x_wconf 73' lang='lat' dir='ltr'><strong>lingum</strong></span> <span class='ocrx_word' id='word_1_202' title='bbox 1147 2260 1153 2272; x_wconf 74' lang='lat'><strong><em>¹</em></strong></span> 
     </span>
     <span class='ocr_line' id='line_1_25' title="bbox 108 2323 400 2384; baseline -0.012 0"><span class='ocrx_word' id='word_1_203' title='bbox 108 2323 178 2384; x_wconf 90' lang='lat' dir='ltr'><strong>deus</strong></span> <span class='ocrx_word' id='word_1_204' title='bbox 194 2330 400 2384; x_wconf 88' lang='lat' dir='ltr'><strong>vocaretur..</strong></span> 
     </span>
     <span class='ocr_line' id='line_1_26' title="bbox 172 2404 1150 2484; baseline -0.002 -17"><span class='ocrx_word' id='word_1_205' title='bbox 172 2406 317 2468; x_wconf 85' lang='lat' dir='ltr'><strong>&#39;liberium</strong></span> <span class='ocrx_word' id='word_1_206' title='bbox 341 2407 430 2484; x_wconf 83' lang='lat' dir='ltr'><strong>igitur</strong></span> <span class='ocrx_word' id='word_1_207' title='bbox 448 2405 477 2464; x_wconf 93' lang='lat' dir='ltr'><strong>in</strong></span> <span class='ocrx_word' id='word_1_208' title='bbox 498 2404 646 2480; x_wconf 74' lang='lat' dir='ltr'><strong>Illyricum</strong></span> <span class='ocrx_word' id='word_1_209' title='bbox 671 2405 837 2466; x_wconf 88' lang='lat' dir='ltr'><strong>dimissurus</strong></span> <span class='ocrx_word' id='word_1_210' title='bbox 864 2415 894 2466; x_wconf 87' lang='lat' dir='ltr'><strong>ct</strong></span> <span class='ocrx_word' id='word_1_211' title='bbox 913 2406 1150 2472; x_wconf 70' lang='lat' dir='ltr'><strong>beneventumss</strong></span> 
     </span>
     <span class='ocr_line' id='line_1_27' title="bbox 107 2489 1112 2571; baseline -0.003 -18"><span class='ocrx_word' id='word_1_212' title='bbox 107 2510 199 2571; x_wconf 89' lang='lat' dir='ltr'><strong>usque</strong></span> <span class='ocrx_word' id='word_1_213' title='bbox 226 2499 454 2570; x_wconf 83' lang='lat' dir='ltr'><strong>prosecuturus,</strong></span> <span class='ocrx_word' id='word_1_214' title='bbox 487 2505 549 2548; x_wconf 87' lang='lat' dir='ltr'><strong>eum</strong></span> <span class='ocrx_word' id='word_1_215' title='bbox 577 2489 813 2568; x_wconf 87' lang='lat' dir='ltr'><strong>interpellatores</strong></span> <span class='ocrx_word' id='word_1_216' title='bbox 840 2490 905 2552; x_wconf 89' lang='lat' dir='ltr'><strong>aliis</strong></span> <span class='ocrx_word' id='word_1_217' title='bbox 935 2498 1021 2570; x_wconf 88' lang='lat' dir='ltr'><strong>atque</strong></span> <span class='ocrx_word' id='word_1_218' title='bbox 1046 2489 1112 2551; x_wconf 86' lang='lat' dir='ltr'><strong>aliis</strong></span> 
     </span>
     <span class='ocr_line' id='line_1_28' title="bbox 10 2573 1112 2654; baseline -0.002 -18"><span class='ocrx_word' id='word_1_219' title='bbox 10 2621 11 2624; x_wconf 63' lang='lat'><strong>,</strong></span> <span class='ocrx_word' id='word_1_220' title='bbox 108 2577 204 2636; x_wconf 91' lang='lat' dir='ltr'><strong>causis</strong></span> <span class='ocrx_word' id='word_1_221' title='bbox 218 2577 246 2634; x_wconf 93' lang='lat' dir='ltr'><strong>in</strong></span> <span class='ocrx_word' id='word_1_222' title='bbox 264 2575 326 2634; x_wconf 89' lang='lat' dir='ltr'><strong>iure</strong></span> <span class='ocrx_word' id='word_1_223' title='bbox 345 2573 467 2634; x_wconf 88' lang='lat' dir='ltr'><strong>dicendo</strong></span> <span class='ocrx_word' id='word_1_224' title='bbox 486 2573 662 2650; x_wconf 89' lang='lat' dir='ltr'><strong>detinerent,</strong></span> <span class='ocrx_word' id='word_1_225' title='bbox 682 2574 865 2651; x_wconf 82' lang='lat' dir='ltr'><strong>exclamavit,</strong></span> <span class='ocrx_word' id='word_1_226' title='bbox 881 2573 959 2654; x_wconf 88' lang='lat' dir='ltr'><strong>qnod</strong></span> <span class='ocrx_word' id='word_1_227' title='bbox 971 2582 1003 2634; x_wconf 81' lang='lat' dir='ltr'><strong>et</strong></span> <span class='ocrx_word' id='word_1_228' title='bbox 1018 2575 1112 2652; x_wconf 88' lang='lat' dir='ltr'><strong>ipsum</strong></span> 
     </span>
     <span class='ocr_line' id='line_1_29' title="bbox 9 2657 1110 2736; baseline 0 -17"><span class='ocrx_word' id='word_1_229' title='bbox 9 2733 11 2736; x_wconf 16' lang='grc' dir='ltr'>Ι</span> <span class='ocrx_word' id='word_1_230' title='bbox 107 2677 175 2719; x_wconf 86' lang='lat' dir='ltr'><strong>mox</strong></span> <span class='ocrx_word' id='word_1_231' title='bbox 196 2661 271 2717; x_wconf 87' lang='lat' dir='ltr'><strong>inter</strong></span> <span class='ocrx_word' id='word_1_232' title='bbox 290 2659 383 2718; x_wconf 88' lang='lat' dir='ltr'><strong>omina</strong></span> <span class='ocrx_word' id='word_1_233' title='bbox 402 2657 523 2717; x_wconf 86' lang='lat' dir='ltr'><strong>relatum</strong></span> <span class='ocrx_word' id='word_1_234' title='bbox 546 2665 608 2733; x_wconf 87' lang='lat' dir='ltr'><strong>est,</strong></span> <span class='ocrx_word' id='word_1_235' title='bbox 633 2675 712 2733; x_wconf 79' lang='lat' dir='ltr'><strong>nom,</strong></span> <span class='ocrx_word' id='word_1_236' title='bbox 734 2657 764 2718; x_wconf 75' lang='grc' dir='ltr'><strong>ιι</strong></span> <span class='ocrx_word' id='word_1_237' title='bbox 783 2657 887 2719; x_wconf 79' lang='lat' dir='ltr'><strong>omnic</strong></span> <span class='ocrx_word' id='word_1_238' title='bbox 900 2662 1110 2735; x_wconf 80' lang='lat' dir='ltr'><strong>morarentur,</strong></span> 
     </span>
     <span class='ocr_line' id='line_1_30' title="bbox 108 2738 1213 2820; baseline -0.001 -17"><span class='ocrx_word' id='word_1_239' title='bbox 108 2741 243 2820; x_wconf 80' lang='lat' dir='ltr'><strong>amplius</strong></span> <span class='ocrx_word' id='word_1_240' title='bbox 256 2758 291 2800; x_wconf 84' lang='lat' dir='ltr'><strong>sc</strong></span> <span class='ocrx_word' id='word_1_241' title='bbox 300 2739 435 2819; x_wconf 76' lang='lat' dir='ltr'><strong>posthoc</strong></span> <span class='ocrx_word' id='word_1_242' title='bbox 449 2740 568 2801; x_wconf 84' lang='lat' dir='ltr'><strong>Romae</strong></span> <span class='ocrx_word' id='word_1_243' title='bbox 581 2738 720 2818; x_wconf 74' lang='lat' dir='ltr'><strong>fcturum</strong></span> <span class='ocrx_word' id='word_1_244' title='bbox 727 2765 742 2812; x_wconf 90' lang='lat'><strong>‚·</strong></span> <span class='ocrx_word' id='word_1_245' title='bbox 757 2750 843 2820; x_wconf 90' lang='lat' dir='ltr'><strong>atque</strong></span> <span class='ocrx_word' id='word_1_246' title='bbox 858 2744 961 2801; x_wconf 87' lang='lat' dir='ltr'><strong>itinere</strong></span> <span class='ocrx_word' id='word_1_247' title='bbox 973 2740 1110 2802; x_wconf 89' lang='lat' dir='ltr'><strong>inchoato</strong></span> <span class='ocrx_word' id='word_1_248' title='bbox 1212 2811 1213 2814; x_wconf 15' lang='grc' dir='ltr'>ι</span> 
     </span>
     <span class='ocr_line' id='line_1_31' title="bbox 106 2824 1148 2904; baseline 0 -15"><span class='ocrx_word' id='word_1_249' title='bbox 106 2828 241 2889; x_wconf 79' lang='lat' dir='ltr'><strong>Asturam</strong></span> <span class='ocrx_word' id='word_1_250' title='bbox 262 2827 407 2904; x_wconf 84' lang='lat' dir='ltr'><strong>perrexit,</strong></span> <span class='ocrx_word' id='word_1_251' title='bbox 430 2833 459 2884; x_wconf 90' lang='lat' dir='ltr'><strong>et</strong></span> <span class='ocrx_word' id='word_1_252' title='bbox 473 2825 555 2903; x_wconf 89' lang='lat' dir='ltr'><strong>inde,</strong></span> <span class='ocrx_word' id='word_1_253' title='bbox 576 2825 946 2904; x_wconf 33' lang='lat' dir='ltr'><strong>praetervconsuctudinem</strong></span> <span class='ocrx_word' id='word_1_254' title='bbox 960 2824 996 2885; x_wconf 92' lang='lat' dir='ltr'><strong>de</strong></span> <span class='ocrx_word' id='word_1_255' title='bbox 1011 2834 1148 2923; x_wconf 59' lang='lat' dir='ltr'><strong>coctano</strong></span> 
     </span>
     <span class='ocr_line' id='line_1_32' title="bbox 107 2908 1111 2974; baseline -0.003 -1"><span class='ocrx_word' id='word_1_256' title='bbox 107 2911 143 2974; x_wconf 90' lang='lat' dir='ltr'><strong>ad</strong></span> <span class='ocrx_word' id='word_1_257' title='bbox 164 2911 350 2970; x_wconf 86' lang='lat' dir='ltr'><strong>occasionem</strong></span> <span class='ocrx_word' id='word_1_258' title='bbox 365 2927 451 2969; x_wconf 84' lang='lat' dir='ltr'><strong>aurae</strong></span> <span class='ocrx_word' id='word_1_259' title='bbox 470 2918 589 2970; x_wconf 87' lang='lat' dir='ltr'><strong>evectus</strong></span> <span class='ocrx_word' id='word_1_260' title='bbox 606 2927 720 2970; x_wconf 86' lang='lat' dir='ltr'><strong>causam</strong></span> <span class='ocrx_word' id='word_1_261' title='bbox 735 2908 898 2970; x_wconf 86' lang='lat' dir='ltr'><strong>valitudinis</strong></span> <span class='ocrx_word' id='word_1_262' title='bbox 912 2909 1057 2970; x_wconf 85' lang='lat' dir='ltr'><strong>contraxit</strong></span> <span class='ocrx_word' id='word_1_263' title='bbox 1070 2927 1111 2970; x_wconf 88' lang='lat' dir='ltr'><strong>ex</strong></span> 
     </span>
     <span class='ocr_line' id='line_1_33' title="bbox 60 2992 1109 3076; baseline -0.004 -20"><span class='ocrx_word' id='word_1_264' title='bbox 60 2994 250 3076; x_wconf 71' lang='lat' dir='ltr'><strong>caprolluvio</strong></span> <span class='ocrx_word' id='word_1_265' title='bbox 270 2992 337 3054; x_wconf 88' lang='lat' dir='ltr'><strong>alvi.</strong></span> <span class='ocrx_word' id='word_1_266' title='bbox 370 2994 449 3054; x_wconf 83' lang='lat' dir='ltr'><strong>Tunc</strong></span> <span class='ocrx_word' id='word_1_267' title='bbox 466 2992 640 3073; x_wconf 83' lang='lat' dir='ltr'><strong>Campaniae</strong></span> <span class='ocrx_word' id='word_1_268' title='bbox 658 3011 709 3057; x_wconf 90' lang='lat' dir='ltr'><strong>ora</strong></span> <span class='ocrx_word' id='word_1_269' title='bbox 726 2995 922 3074; x_wconf 82' lang='lat' dir='ltr'><strong>proximisque</strong></span> <span class='ocrx_word' id='word_1_270' title='bbox 937 2992 1082 3054; x_wconf 89' lang='lat' dir='ltr'><strong>insulis</strong></span> <span class='ocrx_word' id='word_1_271' title='bbox 1055 3011 1109 3064; x_wconf 85' lang='lat' dir='ltr'><strong>crr-</strong></span> 
     </span>
     <span class='ocr_line' id='line_1_34' title="bbox 107 3075 1111 3179; baseline -0.004 -39"><span class='ocrx_word' id='word_1_272' title='bbox 107 3081 207 3179; x_wconf 82' lang='lat' dir='ltr'><strong>cultis,</strong></span> <span class='ocrx_word' id='word_1_273' title='bbox 225 3076 401 3158; x_wconf 79' lang='lat' dir='ltr'><strong>Caprearum</strong></span> <span class='ocrx_word' id='word_1_274' title='bbox 419 3096 533 3158; x_wconf 90' lang='lat' dir='ltr'><strong>quoque</strong></span> <span class='ocrx_word' id='word_1_275' title='bbox 551 3079 681 3141; x_wconf 83' lang='lat' dir='ltr'><strong>secessui</strong></span> <span class='ocrx_word' id='word_1_276' title='bbox 699 3077 885 3158; x_wconf 86' lang='lat' dir='ltr'><strong>quadriduum</strong></span> <span class='ocrx_word' id='word_1_277' title='bbox 896 3075 1047 3157; x_wconf 86' lang='lat' dir='ltr'><strong>impendit,</strong></span> <span class='ocrx_word' id='word_1_278' title='bbox 1063 3095 1111 3137; x_wconf 92' lang='lat' dir='ltr'><strong>re</strong></span> 
     </span>
     <span class='ocr_line' id='line_1_35' title="bbox 43 3160 949 3224; baseline -0.003 0"><span class='ocrx_word' id='word_1_279' title='bbox 43 3171 44 3175; x_wconf 77' lang='grc'>’</span> <span class='ocrx_word' id='word_1_280' title='bbox 106 3165 275 3224; x_wconf 91' lang='lat' dir='ltr'><strong>mississimo</strong></span> <span class='ocrx_word' id='word_1_281' title='bbox 291 3162 326 3224; x_wconf 88' lang='lat' dir='ltr'><strong>ad</strong></span> <span class='ocrx_word' id='word_1_282' title='bbox 342 3165 429 3222; x_wconf 91' lang='lat' dir='ltr'><strong>otium</strong></span> <span class='ocrx_word' id='word_1_283' title='bbox 444 3171 472 3223; x_wconf 84' lang='lat' dir='ltr'><strong>et</strong></span> <span class='ocrx_word' id='word_1_284' title='bbox 488 3161 523 3222; x_wconf 92' lang='lat' dir='ltr'><strong>ad</strong></span> <span class='ocrx_word' id='word_1_285' title='bbox 539 3179 652 3222; x_wconf 90' lang='lat' dir='ltr'><strong>omnem</strong></span> <span class='ocrx_word' id='word_1_286' title='bbox 667 3163 830 3224; x_wconf 87' lang='lat' dir='ltr'><strong>comitatem</strong></span> <span class='ocrx_word' id='word_1_287' title='bbox 844 3160 949 3222; x_wconf 87' lang='lat' dir='ltr'><strong>animo</strong></span> 
     </span>
     <span class='ocr_line' id='line_1_36' title="bbox 168 3245 1148 3336; baseline -0.001 -28"><span class='ocrx_word' id='word_1_288' title='bbox 168 3248 257 3308; x_wconf 87' lang='lat' dir='ltr'><strong>Forte</strong></span> <span class='ocrx_word' id='word_1_289' title='bbox 271 3247 458 3308; x_wconf 85' lang='lat' dir='ltr'><strong>Puteolanum</strong></span> <span class='ocrx_word' id='word_1_290' title='bbox 479 3247 570 3305; x_wconf 91' lang='lat' dir='ltr'><strong>sinum</strong></span> <span class='ocrx_word' id='word_1_291' title='bbox 592 3245 827 3336; x_wconf 78' lang='lat' dir='ltr'><strong>praeteruehenti</strong></span> <span class='ocrx_word' id='word_1_292' title='bbox 840 3255 978 3306; x_wconf 86' lang='lat' dir='ltr'><strong>vectores</strong></span> <span class='ocrx_word' id='word_1_293' title='bbox 992 3253 1110 3306; x_wconf 88' lang='lat' dir='ltr'><strong>nautae</strong></span> <span class='ocrx_word' id='word_1_294' title='bbox 1098 3265 1148 3308; x_wconf 78' lang='lat' dir='ltr'><strong>as</strong></span> 
     </span>
     <span class='ocr_line' id='line_1_37' title="bbox 126 3322 1110 3429; baseline -0.001 -38"><span class='ocrx_word' id='word_1_295' title='bbox 126 3351 162 3392; x_wconf 90' lang='lat' dir='ltr'><strong>oe</strong></span> <span class='ocrx_word' id='word_1_296' title='bbox 178 3333 214 3392; x_wconf 90' lang='lat' dir='ltr'><strong>de</strong></span> <span class='ocrx_word' id='word_1_297' title='bbox 228 3333 295 3393; x_wconf 85' lang='lat' dir='ltr'><strong>naui</strong></span> <span class='ocrx_word' id='word_1_298' title='bbox 312 3329 523 3405; x_wconf 82' lang='lat' dir='ltr'><strong>Alexandrina,</strong></span> <span class='ocrx_word' id='word_1_299' title='bbox 546 3346 619 3407; x_wconf 88' lang='lat' dir='ltr'><strong>quae</strong></span> <span class='ocrx_word' id='word_1_300' title='bbox 635 3338 742 3406; x_wconf 88' lang='lat' dir='ltr'><strong>tantum</strong></span> <span class='ocrx_word' id='word_1_301' title='bbox 749 3322 834 3410; x_wconf 80' lang='lat' dir='ltr'><strong>qumd</strong></span> <span class='ocrx_word' id='word_1_302' title='bbox 849 3329 1019 3429; x_wconf 87' lang='lat' dir='ltr'><strong>appulerat,</strong></span> <span class='ocrx_word' id='word_1_303' title='bbox 1042 3347 1110 3390; x_wconf 89' lang='lat' dir='ltr'><strong>can·</strong></span> 
     </span>
     <span class='ocr_line' id='line_1_38' title="bbox 9 3351 1110 3492; baseline -0.003 -17"><span class='ocrx_word' id='word_1_304' title='bbox 9 3455 11 3464; x_wconf 75' lang='lat'>‚</span> <span class='ocrx_word' id='word_1_305' title='bbox 106 3351 193 3475; x_wconf 70' lang='lat' dir='ltr'><strong>ditati</strong></span> <span class='ocrx_word' id='word_1_306' title='bbox 220 3416 408 3492; x_wconf 83' lang='lat' dir='ltr'><strong>coronatique</strong></span> <span class='ocrx_word' id='word_1_307' title='bbox 429 3421 459 3473; x_wconf 92' lang='lat' dir='ltr'><strong>et</strong></span> <span class='ocrx_word' id='word_1_308' title='bbox 478 3421 541 3472; x_wconf 90' lang='lat' dir='ltr'><strong>tura</strong></span> <span class='ocrx_word' id='word_1_309' title='bbox 565 3411 688 3474; x_wconf 87' lang='lat' dir='ltr'><strong>libantes</strong></span> <span class='ocrx_word' id='word_1_310' title='bbox 709 3414 802 3474; x_wconf 84' lang='lat' dir='ltr'><strong>fausta</strong></span> <span class='ocrx_word' id='word_1_311' title='bbox 823 3415 918 3475; x_wconf 91' lang='lat' dir='ltr'><strong>omina</strong></span> <span class='ocrx_word' id='word_1_312' title='bbox 938 3423 968 3473; x_wconf 90' lang='lat' dir='ltr'><strong>et</strong></span> <span class='ocrx_word' id='word_1_313' title='bbox 988 3414 1110 3474; x_wconf 90' lang='lat' dir='ltr'><strong>eximias</strong></span> 
     </span>
     <span class='ocr_line' id='line_1_39' title="bbox 104 3495 1110 3578; baseline -0.002 -19"><span class='ocrx_word' id='word_1_314' title='bbox 104 3497 205 3560; x_wconf 83' lang='lat' dir='ltr'><strong>landes</strong></span> <span class='ocrx_word' id='word_1_315' title='bbox 226 3505 450 3577; x_wconf 83' lang='lat' dir='ltr'><strong>congesserant,</strong></span> <span class='ocrx_word' id='word_1_316' title='bbox 469 3514 530 3575; x_wconf 83' lang='lat' dir='ltr'><strong>per</strong></span> <span class='ocrx_word' id='word_1_317' title='bbox 551 3495 635 3558; x_wconf 77' lang='lat' dir='ltr'><strong>illum</strong></span> <span class='ocrx_word' id='word_1_318' title='bbox 655 3517 687 3558; x_wconf 85' lang='lat' dir='ltr'><strong>se</strong></span> <span class='ocrx_word' id='word_1_319' title='bbox 707 3498 826 3575; x_wconf 76' lang='lat' dir='ltr'><strong>olom,</strong></span> <span class='ocrx_word' id='word_1_320' title='bbox 842 3514 904 3578; x_wconf 82' lang='lat' dir='ltr'><strong>per</strong></span> <span class='ocrx_word' id='word_1_321' title='bbox 922 3496 1008 3560; x_wconf 81' lang='grc' dir='ltr'>ιἰιιιιιι</span> <span class='ocrx_word' id='word_1_322' title='bbox 1021 3496 1110 3558; x_wconf 81' lang='lat' dir='ltr'><strong>occi·</strong></span> 
     </span>
    </p>
   </div>
   <div class='ocr_carea' id='block_1_3' title="bbox 32 3630 75 3662">
    <p class='ocr_par' dir='ltr' id='par_1_3' title="bbox 32 3630 75 3662">
     <span class='ocr_line' id='line_1_40' title="bbox 32 3630 75 3662; baseline 0 0"><span class='ocrx_word' id='word_1_323' title='bbox 32 3630 75 3662; x_wconf 68' lang='lat' dir='ltr'>L</span> 
     </span>
    </p>
   </div>
   <div class='ocr_carea' id='block_1_4' title="bbox 0 0 1226 3872">
    <p class='ocr_par' dir='ltr' id='par_1_4' title="bbox 0 0 1226 3872">
     <span class='ocr_line' id='line_1_41' title="bbox 0 0 1226 3872; baseline 0 1"><span class='ocrx_word' id='word_1_324' title='bbox 0 0 1226 3872; x_wconf 95' lang='lat' dir='ltr'><strong> </strong></span> 
     </span>
    </p>
   </div>
  </div>
 </body>
</html>
