2412 3876
50 186 90 248 34
140 199 169 246 o.
184 198 333 246 SUETONI
350 199 478 259 annno.
494 201 541 248 on
558 203 641 249 vrrs
660 203 843 252 onnsnnou
857 206 926 252 ure.
940 206 962 252 1.

50 354 121 414 alias
141 370 203 414 etun
224 353 296 413 love
318 353 447 415 dextram
469 357 605 432 iungere;
629 365 658 416 et
684 355 839 436 Calpurnia
864 361 1048 438 unorimagi·

49 447 114 499 nata
128 446 189 516 est,
212 437 327 497 conlabi
343 439 488 514 fastigium
505 439 605 500 domus
623 443 811 521 maritumque
822 445 850 501 in
867 446 980 520 gremio
994 461 1048 504 sno

52 521 185 592 conlodi;
207 539 242 582 ac
258 521 353 582 subito
373 522 497 582 cubiculi
515 523 596 583 iores
614 534 719 604 sponte
734 535 895 605 patuerunt.

114 605 157 666 Ob
177 607 251 666 haec
265 605 349 664 simul
365 614 394 666 et
411 605 448 672 ob
468 607 607 668 infirmam
621 609 806 670 valitudinem
823 610 871 670 diu
887 620 1048 688 cunctatus,

50 709 86 752 an
106 709 139 750 se
158 691 321 750 contineret
332 698 362 749 et
383 707 456 768 quae
480 691 555 771 apud
583 702 712 754 senatum
738 703 934 773 proposuerat
959 713 1073 774 ageres

50 775 196 850 diilerret,
222 773 337 833 tandem
362 772 484 834 Decimo
512 775 600 836 Bruto
624 777 810 855 adhortante,
829 798 873 838 ne
889 780 1049 858 frequentis

51 878 86 921 ac
100 857 272 920 iamdudum
289 859 470 936 opperientis
488 858 675 937 destitueret,
696 863 793 941 quinta
816 863 879 923 lere
894 863 967 924 hora
982 881 1049 942 pro-

51 962 171 1022 gressus
191 950 236 1002 est
256 941 442 1021 libellumque
463 943 627 1006 insidiarum
650 945 791 1024 indicem,
820 946 855 1006 ab
873 947 961 1007 obvio
979 965 1048 1025 quo-

51 1029 114 1088 dam
131 1034 314 1107 porrectum,
337 1025 446 1085 libellis
463 1030 585 1105 ceteris,
607 1046 681 1106 quos
699 1031 813 1090 sinistra
832 1030 1050 1106 manutenebat

29 1137 32 1148 Α
51 1115 131 1191 quasi
148 1127 218 1171 mox
237 1109 381 1188 lecturus,
405 1113 594 1172 commiscuit.
616 1113 690 1172 Dein
711 1113 841 1193 pluribus
861 1114 965 1175 hostiis
984 1132 1048 1175 cae·
1060 1133 1085 1174 rc

51 1199 107 1272 sis,
132 1212 196 1254 cum
212 1194 296 1252 litare
309 1210 367 1252 non
391 1202 509 1273 posset,
532 1196 643 1255 introiit
665 1199 773 1257 curiam
790 1206 889 1277 spreta
904 1199 1050 1276 religione

52 1282 279 1359 Spurinnamque
297 1276 420 1336 irridens
437 1287 466 1338 et
483 1287 513 1338 ut
527 1279 630 1338 falsum
647 1299 790 1359 arguens,
814 1282 891 1360 qnod
912 1284 975 1342 sinc
991 1282 1052 1341 ulla

52 1383 102 1425 sua
124 1380 201 1422 noxa
221 1361 288 1420 ldus
308 1359 428 1420 Martiae
447 1361 597 1423 adessent:
624 1382 792 1444 quamquam
810 1368 834 1425 is
854 1367 971 1426 venisse
990 1367 1050 1444 qai·
1101 1433 1103 1438 ,
1203 1391 1205 1428 4

8 1461 43 1516 82
55 1450 119 1508 dem
138 1465 192 1516 eas
209 1444 336 1521 diceret,
358 1445 488 1506 sednon
508 1451 693 1527 praeterisse.
726 1448 911 1509 desidentem
935 1451 1050 1528 conspi-

53 1534 106 1594 rati
129 1531 231 1610 specie
251 1529 341 1589 officii
364 1531 627 1601 circumsteterunt;
656 1534 784 1613 ilicoque
802 1531 919 1594 Cimber
937 1533 1049 1611 Tillius,
1061 1553 1086 1595 la

52 1619 99 1697 qui
123 1617 231 1696 primas¹
251 1622 349 1692 partes
374 1623 558 1694 susceperat,
582 1619 664 1695 quasi
689 1617 796 1697 aliquid
812 1625 966 1695 rogaturus
982 1635 1050 1697 pro-

52 1704 117 1782 pius
140 1702 282 1775 accessit,
301 1701 490 1778 renuentique
518 1708 547 1760 et
572 1709 659 1778 gestu
685 1703 714 1760 in
739 1701 815 1762 aliud
836 1709 949 1780 tempus
971 1701 1050 1762 dille-

52 1788 125 1846 renti
143 1783 178 1844 ab
195 1792 317 1862 utroque
336 1801 436 1844 umero
463 1792 561 1860 togam
581 1784 785 1863 adprehendit;
808 1785 911 1845 deinde
928 1785 1048 1846 claman-

52 1881 125 1930 tem:
149 1865 217 1928 loto
233 1867 355 1947 quidem
369 1867 416 1928 ot's
435 1873 498 1944 est,
520 1869 594 1928 alter
610 1887 626 1928 e
642 1867 743 1929 Cascis
762 1887 894 1931 aversum
909 1869 1050 1944 vulnerat,

53 1954 168 2034 paulum
195 1953 268 2011 inira
290 1952 425 2028 iugulum.
463 1951 572 2013 Caesar
598 1951 710 2013 Cascae
732 1952 880 2014 brachium
905 1961 1086 2032 arreptumne

53 2038 176 2116 graphio
195 2037 322 2111 traiecit,
350 2044 528 2115 conatusque
551 2037 687 2116 prosilire
711 2037 768 2098 alio
785 2037 906 2100 vulnere
923 2037 1050 2098 tardatus

54 2131 113 2190 est;
136 2129 222 2198 utque
243 2119 442 2179 animadvertit
465 2121 588 2198 undique
608 2139 640 2180 se
656 2120 765 2180 strictis
783 2120 958 2200 pugionibus
981 2122 1051 2200 peti,

53 2217 123 2282 toga
139 2211 224 2283 caput
240 2202 388 2280 obvolvit,
412 2204 494 2263 simul
515 2205 629 2264 sinistra
641 2223 725 2264 mauu
738 2208 829 2264 sinum
845 2204 881 2266 ad
897 2207 953 2264 ima
968 2222 1052 2264 crura

54 2290 187 2364 deduxit,
226 2304 283 2364 quo
311 2287 461 2348 honestius
489 2288 606 2348 caderet
638 2289 723 2348 etiam
751 2289 889 2350 inferiore
916 2289 1051 2368 corporis

54 2383 135 2455 parte
159 2371 265 2432 velata.
298 2370 395 2450 Atque
419 2374 459 2432 ita
483 2371 575 2432 tribus
600 2379 629 2431 et
649 2372 750 2449 viginti
775 2373 870 2452 plagis
896 2372 1087 2432 confossusas

53 2467 114 2535 est,
136 2474 193 2517 uno
222 2456 364 2517 modoad
387 2458 509 2537 primurn
533 2459 620 2516 ictum
642 2458 749 2533 gemitu
772 2458 834 2516 sine
856 2472 930 2515 voce
957 2455 1049 2524 edito;

55 2545 109 2602 etsi
132 2539 308 2602 tradiderunt
331 2541 445 2620 quidam
463 2541 562 2602 blanco
584 2540 673 2602 Bruto
696 2542 815 2600 irruenti
839 2539 963 2601 dixisse:
985 2531 1052 2599 Kal

54 2615 97 2686 σύ
122 2621 258 2700 tenuem
279 2625 444 2702 Exanimis,
480 2623 696 2702 diffugientibus
726 2625 866 2701 cunctis„
890 2621 1051 2702 aliquandiu
1154 2627 1159 2640 ’

56 2711 158 2784 iacuit,
181 2709 275 2768 donec
294 2709 419 2770 lecticae
434 2711 613 2788 impositum,
636 2707 819 2788 dependente
836 2706 968 2784 brachio,
990 2711 1051 2766 tres

55 2793 165 2854 servoli
190 2792 303 2852 domum
328 2793 494 2852 retulerunt.
520 2792 584 2853 Nec
606 2794 634 2852 in
658 2801 701 2852 tot
725 2790 907 2868 vulneribus,
934 2798 971 2850 ut·
991 2790 1088 2850 An-ao

55 2880 148 2939 tistius
165 2875 292 2937 medicus
313 2876 510 2958 existimabat,
534 2877 621 2938 letale
638 2877 727 2942 ullum
747 2885 894 2955 repertum
913 2882 974 2952 est,
996 2875 1052 2933 nisi

55 2961 132 3041 quod
148 2961 276 3022 secundo
292 2961 361 3022 loco
379 2963 407 3021 in
424 2971 545 3041 pectore
561 2967 727 3040 acceperat.
1204 3023 1205 3036 ,

117 3043 224 3112 Fuerat
245 3049 353 3106 animus
380 3047 536 3106 coniuratis
559 3063 665 3124 corpus
688 3045 780 3105 occisi
799 3045 828 3102 in
848 3042 975 3104 Tiberim
996 3049 1051 3101 tra·
1113 3077 1116 3082 ·
1203 3049 1205 3124 ζ

54 3130 142 3208 here,
164 3129 240 3190 bona
251 3129 419 3208 publicare,
439 3139 503 3190 acta
519 3129 703 3205 rescindere,
726 3127 780 3189 sed
796 3135 873 3186 metu
890 3125 980 3188 llarci
993 3124 1051 3184 iln-

12 3216 118 3280 83toni
139 3211 266 3275 consulis
291 3223 320 3274 et
333 3215 463 3292 magistri
485 3214 609 3292 equitum
628 3212 729 3291 Lepidi
748 3212 927 3272 destiterunt.
951 3207 1091 3270 Postu-s
1204 3219 1205 3224 ’

56 3300 133 3360 lante
159 3317 232 3376 ergo
252 3297 341 3361 Lucio
362 3297 469 3359 Pisone
491 3315 595 3359 socero
619 3304 817 3356 testamentum
840 3296 902 3355 eius
925 3294 1053 3372 aperitur
1152 3331 1154 3336 -

56 3385 250 3461 recitaturque
274 3386 303 3444 in
328 3383 435 3444 Antoni
461 3381 561 3457 domo,
601 3380 680 3461 quod
704 3379 802 3440 Idibus
833 3374 1052 3457 Septembribus

57 3469 196 3547 proximis
223 3469 252 3527 in
271 3465 415 3530 Lauicano
438 3483 491 3526 suo
513 3464 624 3524 lecerat
646 3463 924 3541 demandaueratque
946 3460 1052 3537 virgini
