2438 3872
432 243 537 292 nunus
556 245 800 295 unsrusmuos.
1050 233 1112 299 235

114 415 172 476 que
189 397 355 476 praeberet,
372 399 564 475 interrogavit
580 400 689 479 quanti
704 401 882 476 caleamus,
899 410 928 462 et
943 409 1046 480 paetus
1068 410 1113 462 est

114 480 187 542 lueri
203 492 324 559 partem.
357 482 597 562 Reprehendenti
618 484 679 544 lilio
700 482 783 562 Tito,
808 484 885 563 quod
907 486 991 546 etiam
1012 487 1112 546 urinae

113 565 243 642 veotigal
262 575 438 626 commentus
454 575 544 644 esset,
561 569 712 646 pecuniam
731 585 769 628 ex
791 570 882 648 prima
904 569 1046 647 pensione
1063 569 1110 628 ad·

5 671 7 720 ᾗ
113 650 204 708 movit
220 648 255 708 ad
272 667 375 726 nares,
393 651 546 711 seisoitans
560 669 632 711 uum
646 650 744 712 odore
759 649 987 732 offendentur,-
1010 661 1040 712 et
1058 652 1110 713 illo

91 740 241 810 onegante
256 730 372 812 Atquin
385 735 475 814 inquit
492 752 508 795 e
523 735 597 796 lotio
612 741 666 796 est.
694 734 856 798 Nuntiautis
867 736 993 814 legatos,
1008 735 1110 796 ‹leore-

4 819 6 868 J
114 826 172 876 tam
186 817 213 876 ei
224 816 342 896 publice
357 835 414 878 uon
428 817 584 880 mediocris
595 837 720 880 summae
731 828 853 881 statuam
865 820 1039 896 colosseum,
1055 822 1111 880 ius·

113 900 215 960 situel
232 903 369 961 oontiuuo
388 919 517 981 ponere,
540 912 569 964 et
589 920 690 963 cavam
710 921 822 964 manum
836 912 985 964 ostentans
1008 913 1038 964 et
1051 921 1109 982 po·

113 991 219 1046 retem
232 983 333 1046 basim
346 985 456 1046 dicens.
479 985 526 1046 Ae
535 1004 571 1046 ne
583 987 612 1045 iu
623 996 701 1046 metu
714 987 829 1067 quidem
840 1005 876 1049 ae
888 987 1023 1067 perieulo
1035 1003 1110 1047 mor·

114 1069 151 1130 tis
183 1078 313 1130 extremo
346 1069 480 1131 abstinuit
509 1071 593 1131 ioois.
629 1069 702 1132 Nam
726 1090 790 1133 oum
817 1073 892 1132 iuter
918 1080 1017 1133 uetera
1044 1089 1110 1150 pro·

77 1153 193 1230 rodigio
206 1153 385 1216 Mausoleum
399 1153 559 1233 derepente
575 1154 716 1233 patuisset
730 1164 759 1214 et
770 1155 973 1216 stellaorinita
984 1157 1013 1214 in
1025 1154 1110 1215 eaelo

113 1239 314 1317 apparuisset,
336 1237 457 1299 alterum
478 1237 514 1299 aul
533 1237 641 1298 Iuniam
661 1237 808 1299 Celsinam
829 1257 846 1299 e
872 1247 968 1316 gente
985 1236 1111 1316 Augusti

113 1321 262 1401 pertinere
277 1321 410 1399 dicebat,
431 1322 552 1383 alterum
574 1321 610 1383 ad
624 1321 793 1384 Parthorum
810 1339 913 1399 regem
928 1323 976 1402 qui
992 1321 1110 1402 capillu-

112 1415 160 1465 tus
175 1414 271 1472 esset:
288 1407 378 1485 prima
396 1423 512 1486 quoque
529 1405 622 1466 morbi
640 1406 812 1467 secessione
832 1403 896 1467 Vae
909 1407 1015 1486 inquit,
1031 1413 1109 1488 puto

114 1488 191 1550 deus
203 1489 256 1568 pio.

76 1594 104 1635 rs
177 1571 334 1634 Consulatu
348 1591 402 1634 suo
428 1589 506 1632 nono
528 1581 683 1652 temptatus
704 1574 733 1632 iu
748 1572 904 1652 Campania
925 1573 1152 1634 motiunculisut

113 1657 228 1718 levibus
242 1659 431 1736 protinusque
452 1655 524 1717 urbe
541 1658 681 1735 repetita,
703 1654 823 1716 Cutilias
844 1674 878 1718 ao
892 1657 1014 1717 Reatina
1032 1675 1109 1734 rura,

113 1739 163 1800 ubi
176 1744 320 1802 aestiuare
333 1750 402 1821 quot
414 1741 495 1801 aunis
506 1739 630 1817 solebat,
642 1741 726 1818 petit.
742 1739 796 1800 llio
808 1757 872 1800 eum
884 1758 973 1819 super
984 1757 1108 1818 unguen·

112 1834 172 1885 tem
192 1823 375 1886 valitudinem
399 1822 576 1884 ereberrime
597 1823 721 1901 frigidae
743 1841 835 1904 aquae
857 1842 916 1890 usu.
931 1824 1016 1884 etiam
1036 1825 1108 1884 inte·

1 1918 2 1923 ’
115 1910 189 1970 stine
204 1910 345 1986 vitiasset,
365 1925 420 1968 uso
436 1925 472 1968 eo
487 1909 579 1968 minus
594 1906 758 1968 muneribus
772 1908 967 1986 imperatoriis
984 1925 1021 1966 ex
1039 1906 1107 1968 'eou-

75 1991 265 2056 assuetudine
277 1992 456 2070 iungeretur,
475 1999 503 2050 ut
515 1992 600 2052 etiam
609 1991 774 2068 legationes
785 1991 896 2052 audiret
909 1990 1026 2068 oubam,
1041 1990 1109 2053 aluo

113 2084 239 2154 repente
254 2075 395 2154 usquead
410 2075 606 2136 deiectionem
621 2075 723 2153 soluta,
739 2076 958 2155 imperatorem
971 2076 1011 2136 uit
1022 2082 1107 2136 etau-

113 2167 173 2221 tem
188 2159 270 2221 mori
283 2166 448 2238 oportere,·
468 2157 591 2238 dumque
606 2159 756 2236 consurgit
771 2177 806 2220 ao
823 2160 935 2236 nititur,
959 2161 1035 2219 iuter
1048 2176 1107 2218 ma·

113 2263 168 2304 nus
189 2243 399 2304 subleuantium
421 2244 565 2303 exunctus
586 2253 632 2304 est
648 2241 802 2305 vultui.
818 2242 871 2303 lul.
896 2260 999 2303 annum
1017 2259 1109 2321 agens

114 2330 217 2388 aetatis
232 2329 464 2406 sexagensimum
478 2345 513 2387 ae
529 2342 650 2405 nonum,
667 2343 957 2408 superque-mensem
978 2344 1013 2387 ao
1023 2325 1108 2408 ,illem

75 2430 148 2474 ause
171 2413 277 2472 timum.

151 2431 323 2556 p(louvouit
345 2497 420 2555 iuter
441 2496 552 2571 omnis,
576 2502 633 2554 tam
650 2504 761 2555 eertum
779 2512 844 2554 eum
861 2493 898 2554 de
913 2512 965 2554 sua
979 2499 1151 2553 suorum-25

115 2598 173 2657 que
190 2579 323 2656 genitura
338 2596 455 2656 semper
472 2578 579 2654 luisse,
602 2586 632 2637 ut
649 2587 717 2656 post
737 2578 867 2640 assiduas
882 2579 910 2636 ln
927 2595 960 2638 se
978 2577 1109 2637 coniura-

114 2663 210 2724 tiones
222 2681 308 2723 ausus
323 2664 360 2722 sit
373 2661 524 2723 adfirmare
539 2662 660 2737 senatui,
678 2667 733 2722 out
742 2661 825 2740 filios
835 2659 1110 2722 aibiooooeeeuros
1178 2663 1185 2674 '

31 2763 41 2775 ·
115 2753 171 2807 out
187 2747 345 2808 uminum.
383 2745 494 2806 Dicitur
514 2746 599 2806 etiam
620 2745 727 2805 vidisse
748 2745 891 2824 quondam
910 2762 964 2825 per
985 2745 1109 2823 quietem

77 2850 104 2893 so
115 2839 251 2892 stateram
264 2829 358 2891 media
374 2838 456 2910 purte
472 2827 608 2889 vestibuli
622 2828 768 2890 Palatinae
786 2828 888 2889 domus
904 2829 1026 2908 positum
1041 2844 1108 2888 exa·

114 2916 190 2974 mine
205 2931 309 2994 aequo,
327 2932 390 2975 ouum
405 2914 433 2973 in
448 2912 541 2973 altera
556 2912 640 2974 ianoe
655 2910 790 2974 Claudius
805 2921 835 2974 et
846 2912 926 2974 Nero
943 2919 1064 2988 starent,
1080 2911 1109 2970 iu

115 2997 208 3060 altera
222 3001 288 3078 ipso
302 3015 337 3058 ao
358 2998 417 3058 lilii.
451 2996 515 3062 Neo
540 3014 590 3056 res
608 2995 730 3074 fefellit,
752 2996 866 3077 quando
886 2995 1006 3058 totidem
1027 2993 1110 3057 unms

114 3084 238 3163 parique
251 3084 394 3162 temporis
409 3081 504 3162 spatio
520 3081 634 3159 utrique
649 3080 874 3160 imperaverunt.

506 3345 725 3355 ..---...--
