2408 3870
434 147 640 196 PRAEFATIO.
874 147 986 194 LXXIII

142 306 185 360 Ex
209 321 243 360 eo
262 304 353 372 libro,
376 305 422 375 qui
443 313 524 362 sexto
545 306 609 362 loeo
630 308 741 378 ponitur
762 307 804 360 de
827 302 980 362 nomini·
1005 309 1036 352 ue
1050 322 1133 372 seuero

1 445 2 462 ἶ
71 383 188 460 bus⁵⁴)
219 394 252 442 et
279 404 416 458 genere
446 390 618 459 restium,
646 389 719 446 baud
741 389 801 446 solo
824 405 856 443 an
878 386 983 445 Nonius
1018 367 1120 406 '‘¹¹⁸⁸“

74 472 229 530 Marcellus
245 471 336 542 capite
348 469 421 539 XIV,
438 472 510 541 quod
527 479 569 528 est
585 472 619 528 de
634 489 740 544 genere
758 470 983 529 vestimentorum

76 573 141 613 cum
163 554 348 622 testimoniis,
372 553 522 624 particulas
541 556 715 628 decerpserit
735 571 789 611 non
806 562 983 612 centemnen-

77 643 147 704 das;
171 639 246 695 solet
267 637 338 691 euim
358 636 406 690 ille
428 644 569 694 auctorum
593 655 705 694 suorum
727 645 756 692 ut
774 637 855 694 Gellii
880 639 984 695 scrinia

77 723 167 779 tacite
188 719 324 791 expilare.
371 719 427 775 Sed
442 736 503 776 eum
518 722 624 791 locum,
649 723 695 793 qui
711 739 738 794 p.
754 727 816 790 tel,
831 727 864 780 25
881 721 984 792 legitur

79 809 116 862 de
134 804 294 860 trabearum
308 803 460 872 generibus
476 822 491 860 a
506 803 591 860 Numa
605 804 741 880 Pompilio
757 803 892 872 inventis,
913 805 985 860 Sue-

78 887 153 946 tonii
170 892 201 941 ut
224 887 348 949 credam,
370 886 514 954 byzantini
532 888 703 944 fabulatores
726 901 780 942 non
800 887 984 957 persuaderrt;

79 977 160 1028 certe
186 968 287 1026 Servio
311 969 403 1040 potius
426 971 505 1025 iidem
523 972 613 1026 babeo
636 987 691 1026 non
715 970 824 1024 nimium
838 969 984 1026 dissimilia

78 1074 108 1128 p.
124 1059 194 1122 282,
220 1059 237 1112 3
262 1069 277 1106 e
300 1052 434 1108 Suetonio
454 1054 623 1125 proferenti,
646 1069 697 1108 nec
720 1054 918 1122 ignoraverunt
943 1053 984 1107 illi

1 1142 2 1145 ’
80 1136 214 1194 Graeculi
233 1135 396 1190 Servianum
410 1136 641 1190 commentarium.
672 1136 760 1192 Habet
777 1135 885 1204 quidem
903 1135 984 1190 loan-

81 1237 133 1276 nes
148 1220 239 1288 Lydus
255 1219 310 1273 illis
329 1217 440 1287 similia,
456 1225 484 1273 et
498 1219 709 1288 chrysostomus
726 1234 834 1288 quoque
851 1218 885 1272 ad
901 1226 915 1276 l
931 1217 984 1273 Co-

1 1360 2 1367 ,
80 1306 166 1360 rintb.
183 1301 297 1380 homilia
313 1299 400 1356 XXVI
415 1317 470 1356 non
487 1302 574 1356 licere
599 1303 638 1357 ait
659 1302 719 1356 sine
736 1301 847 1370 cingulo
865 1307 893 1355 et
908 1302 985 1356 clrla-

1 1387 2 1458 ᾗ
80 1387 166 1457 myde
190 1385 225 1440 ad
248 1384 394 1440 Caesarem
413 1383 537 1455 ingredi;
561 1385 611 1440 sed
631 1392 693 1440 ante
711 1383 928 1450 Diocletianum,
949 1384 984 1438 de

81 1486 138 1542 quo
156 1467 308 1539 Eutropius
329 1473 356 1537 9,
375 1467 559 1525 bertoendus
586 1475 646 1537 est,
672 1468 738 1524 talia
755 1466 840 1522 scribi
857 1465 984 1537 potuisse

80 1570 116 1608 nc
141 1568 166 1609 o.

1 1613 4 1637 ’
119 1569 194 1690 glle
226 1632 436 1690 maledictis
464 1633 564 1689 librum
590 1635 695 1690 Graece
723 1633 855 1705 scriptum
881 1631 983 1702 rideri,
1007 1632 1113 1724 Mlffiv

81 1720 168 1792 paulo
187 1724 250 1775 ante
266 1716 433 1787 significavi.
477 1717 517 1770 De
532 1718 690 1773 sordidiore
708 1717 860 1786 argumenti
877 1730 983 1786 genere
1050 1695 1061 1724 ⁰
1086 1695 1138 1724 ⁸¹⁸*

83 1816 247 1874 comparare
276 1799 344 1854 licet
370 1815 429 1854 cum
456 1799 573 1857 aliorum
600 1800 784 1871 scriptiones,
813 1806 867 1854 tum
894 1798 983 1869 ipsius

83 1883 238 1954 Tranquilli
250 1881 373 1938 libellum
387 1883 432 1953 qui
446 1883 497 1938 luit
512 1883 552 1938 de
568 1882 824 1939 meretricibus
839 1887 932 1953 p.302'‚
942 1889 982 1939 15.

146 1966 192 2022 Ad
206 1967 355 2021 Romana
371 1966 403 2020 in
413 1967 539 2021 stituta
555 1966 656 2021 reterri
669 1983 701 2021 ea
715 1982 785 2035 quae
800 1966 834 2020 de
847 1964 984 2035 triumpho
1000 1967 1149 2032 mammem-

83 2057 184 2123 agunt,
207 2048 335 2104 instituto
350 2065 424 2104 mere
442 2051 562 2105 Romano
578 2065 666 2119 neque
685 2065 798 2118 usquam
813 2047 867 2103 nisi
884 2048 986 2106 Romae
1024 2024 1114 2080 Imm*

83 2134 131 2204 agi
146 2134 243 2204 solito,
262 2131 357 2186 mirum
370 2139 548 2187 commeatum
564 2132 635 2187 dixit
648 2131 819 2200 Bernhardy,
834 2131 902 2186 mire
919 2148 986 2187 sane

4 2242 8 2252 ·
85 2218 210 2272 miratus.
257 2215 296 2268 lle
318 2216 456 2271 vocabulo
473 2217 547 2285 quod
564 2220 607 2270 est
627 2215 779 2285 triumphus
795 2215 912 2284 eiusque
929 2215 986 2269 ori-

83 2301 151 2370 giue
179 2296 280 2354 similia
310 2312 495 2368 eorumquae
525 2297 700 2368 Tranquillus
728 2297 860 2352 docuisse
888 2297 986 2366 lentur,

2 2392 7 2416 ··
84 2384 211 2437 Zonaras
224 2395 335 2450 quoque
349 2381 434 2435 tradit
450 2388 492 2449 12,
507 2388 541 2440 32
558 2389 576 2434 t.
594 2387 610 2438 2
625 2399 651 2452 p.
668 2381 819 2440 draitona.

1 2455 2 2478 ³
106 2495 108 2498 ·
147 2467 189 2520 De
209 2461 290 2518 libris
307 2463 442 2530 devita
463 2464 647 2520 Caesarum
667 2481 749 2535 supra
768 2461 928 2532 singulatim
944 2461 987 2516 di.

84 2555 157 2603 ctum
174 2553 226 2602 est.

146 2633 188 2687 De
218 2631 448 2686 Romanorum
471 2631 561 2686 viris
590 2628 813 2686 illustribus
842 2628 888 2699 qui
921 2627 987 2684 olim
1011 2628 1120 2690 ,ocean

84 2715 274 2787 scripserant,
297 2713 387 2768 Varro
408 2714 506 2770 Santra
526 2712 620 2784 Nepos
643 2707 821 2786 Hyginusffi),
848 2728 897 2768 eos
917 2712 988 2767 sue.
1011 2678 1135 2722 ¹⁰⁰⁸²¹¹¹³¹¹⁵

84 2841 288 2854 ..-.--.--

156 2906 204 2970 54)
223 2910 338 2974 lneptum
349 2905 461 2970 κυρίων,
481 2891 549 2972 quod
567 2909 635 2974 apud
652 2908 755 2960 Suidem
770 2917 829 2976 post
842 2899 989 2972 ὀνομάτων

86 2979 187 3044 legitur.
205 2991 246 3026 me
263 2977 340 3026 invito
360 2975 488 3041 typotheta
502 2979 595 3031 omisit.
625 2976 675 3027 Sed
689 2985 756 3030 certe
769 2975 816 3028 heic
830 2977 857 3027 in
868 2993 896 3027 re
912 2977 989 3043 plane

86 3047 202 3096 &vinum
227 3044 355 3094 homiuem
376 3045 484 3106 dixeris,
507 3046 550 3109 qui
573 3060 630 3094 cum
653 3046 820 3112 sagocimimo
838 3043 989 3107 Bernhardy

1 3157 2 3160 ,
85 3129 146 3165 essu
161 3114 187 3165 iu
200 3114 268 3163 idem
286 3113 380 3162 incidit.

155 3181 203 3247 55)
231 3181 283 3231 Hos
307 3181 343 3231 ita
363 3180 530 3245 Hieronymus
559 3182 689 3246 coniungit
706 3180 774 3232 inira
798 3197 824 3247 p.
851 3181 916 3240 287,
944 3180 987 3232 35.

85 3252 171 3302 Verbo
194 3248 427 3301 commemorandus
450 3251 524 3299 etiam
549 3259 587 3300 est
610 3249 769 3312 ‘Tarquitius
791 3250 823 3300 de
847 3247 986 3300 illustribus

85 3321 148 3368 viris
173 3319 315 3369 disserens’
339 3317 406 3382 apud
430 3317 586 3367 Lactantiurn
605 3317 655 3367 div.
673 3317 730 3368 inst.
750 3320 780 3380 1,
801 3317 847 3374 10,
872 3318 885 3366 1
906 3329 986 3378 eoque

86 3389 169 3454 magis
188 3388 256 3451 quod
278 3385 383 3435 fuerunt
401 3387 444 3448 qui
460 3385 598 3449 Tranquilli
624 3401 716 3436 laomen
738 3393 898 3453 reponerent.
935 3381 986 3432 Sed
