2444 3872
518 217 548 266 e.
572 217 758 267 cunroonn.
1080 207 1138 271 139

138 371 214 438 niam
231 371 442 450 processisset,
473 370 634 432 admonitus
660 372 697 432 de
722 372 885 452 supplendo
910 391 1029 434 numero
1055 373 1138 438 liuts-

138 471 257 530 vcrnm,
279 471 356 533 quos
387 456 464 516 circa
495 473 528 514 se
561 455 701 533 habehat,
733 457 926 534 expeditionis
950 457 1138 520 Germanicae

137 538 273 618 impetum
289 541 381 617 cepit;
403 556 497 618 neque
513 538 637 618 distulit,
659 539 712 601 sed
726 540 891 617 legionibus
912 550 942 600 et
956 541 1070 602 auxiliis
1088 562 1137 603 nn·
1210 547 1215 559 '

137 621 225 700 dique
240 623 363 700 excitis,
388 621 541 683 dilectibus
556 623 661 705 ubique
676 624 864 686 acerbissimo
879 626 966 702 actis,
987 635 1137 686 contracto

114 714 169 768 ret
185 707 276 766 omnis
292 708 411 782 generis
432 716 592 768 commeatu
608 717 714 786 quanto
729 725 880 786 numquam
898 718 999 786 antea,
1028 711 1083 770 iter
1096 711 1137 769 in·

136 806 258 867 gressus
274 798 320 849 est
335 789 519 869 confecitque
540 791 627 851 modo
648 801 705 851 tam
726 791 900 852 festinanter
916 801 944 852 et
966 793 1085 870 rapide,
1108 803 1138 853 ut

136 872 340 952 praetorianae
367 872 503 934 cohortes
530 884 631 936 contra
656 893 765 936 morem
789 878 875 954 signa
892 877 1026 936 iumentis
1047 879 1137 957 impo-

135 974 208 1016 nere
223 965 252 1016 et
273 957 312 1018 ita
334 955 471 1036 subsequi
489 968 681 1036 cogerentur,
706 959 846 1020 interdum
869 957 942 1020 ndco
960 961 1092 1037 segniter
1109 969 1138 1021 et

136 1039 279 1118 delicate,
316 1049 346 1100 ut
377 1041 538 1120 octaphoro
566 1042 737 1120 veheretur,
758 1052 845 1123 atque
870 1063 887 1105 a
912 1045 1138 1123 propinquarum

3 1201 5 1206 Ι
101 1123 249 1186 sturbium
264 1122 352 1204 plebe
365 1126 443 1185 verri
459 1124 513 1185 sibi
532 1126 595 1186 vias
615 1135 644 1186 et
666 1129 825 1206 conspergi
846 1137 970 1207 propter
987 1127 1138 1206 pulverem

138 1210 281 1285 exigeret.

199 1291 355 1371 Postquam
373 1301 468 1362 castra
489 1293 598 1372 attigit,
620 1301 651 1354 ut
666 1312 699 1354 se
715 1312 811 1355 aerem
831 1312 866 1355 ac
881 1312 1015 1356 severum
1035 1294 1180 1360 ducenas

138 1374 322 1455 ostenderet,
344 1375 477 1454 legatos,
495 1379 543 1454 qui
561 1376 666 1438 auxilia
685 1379 778 1438 serlus
794 1397 832 1438 ex
851 1378 975 1439 diversis
995 1378 1070 1439 locls
1088 1378 1148 1440 ad·'

138 1458 296 1535 duxerant,
320 1478 383 1519 oum
397 1461 553 1537 ignominia
569 1461 686 1531 dimisit;
710 1471 738 1522 at
754 1463 782 1520 in
797 1463 928 1521 exercitu
942 1462 1136 1537 recensendo,

100 1569 128 1610 ιι
138 1543 286 1622 plerisque
307 1543 503 1604 centurionum
515 1547 630 1604 maturis
644 1546 708 1622 iam,
727 1554 756 1610 et
777 1544 922 1606 nonnullis
937 1554 1002 1605 ante
1024 1547 1135 1622 paucis·

137 1628 227 1688 simos
247 1643 331 1706 quarn
347 1628 566 1688 consummaturi
588 1637 687 1688 essent
704 1626 776 1704 dies,
799 1628 907 1706 primos
923 1627 1000 1707 pilos
1022 1627 1135 1705 ademit,

137 1719 271 1773 causatus
294 1712 403 1771 senium
427 1713 564 1791 cuiusque
589 1720 618 1772 et
643 1711 882 1780 imbecillitatem
906 1719 1070 1772 ceterorum
1095 1715 1136 1771 in-

137 1795 250 1873 crepita
272 1793 441 1873 eupiditate,
465 1794 614 1855 commoda
636 1796 773 1856 emeritae
793 1794 909 1858 militiae
925 1795 961 1857 ad
986 1802 1149 1873 sescento-t

136 1879 227 1939 rum*
247 1878 353 1938 milium
376 1897 511 1938 summam
532 1877 644 1944 recidit,
687 1878 765 1940 Nihil
790 1888 884 1941 autem
909 1878 1031 1958 amplius
1053 1897 1136 1958 quam

98 1961 270 2028 rohdminio
295 1961 479 2038 Cynobellini
501 1961 698 2024 Britannorum
722 1965 804 2041 regis
826 1963 902 2039 lllio,
927 1964 975 2042 qui
993 1962 1093 2041 pulsus
1119 1981 1138 2024 s

134 2055 219 2126 patre
236 2064 299 2107 cum
316 2046 422 2124 exigua
436 2061 520 2105 manu
534 2047 744 2126 translugerat,
766 2048 795 2106 in
811 2046 985 2107 deditionem
1000 2055 1134 2126 recepto,

135 2131 217 2209 qnasi
242 2131 377 2191 universa
405 2129 508 2190 hadita
535 2130 643 2207 insula,
678 2131 846 2208 magnificas
874 2131 995 2192 Romam
1024 2130 1135 2192 litteras

135 2214 227 2290 misit,
256 2215 371 2275 monitis
394 2213 646 2292 speculatoribus,
662 2223 693 2275 ut
713 2214 847 2275 vehiculo
871 2214 907 2274 nd
928 2214 1022 2275 lorum
1043 2230 1136 2292 usque

135 2306 166 2356 et
180 2299 288 2358 curiam
302 2297 524 2378 pertenderent,
547 2316 602 2358 nee
616 2299 671 2359 nisi
686 2301 714 2359 in
730 2297 803 2359 aede
818 2297 917 2360 hlnrtis
932 2315 968 2359 ac
982 2298 1136 2376 frequente

96 2402 126 2445 ιι
136 2389 237 2441 senatu
255 2380 421 2442 consulibus
436 2380 591 2441 traderent.

196 2464 282 2541 blox,
305 2464 457 2525 deficiente
480 2464 551 2525 belli
570 2467 704 2541 materia,
728 2481 839 2542 paucos
857 2463 894 2523 de
915 2463 1045 2524 custodia
1066 2463 1176 2526 Ger-45

133 2566 237 2609 manos
265 2549 347 2608 traici
370 2547 523 2628 occulique
550 2557 629 2608 trans
650 2547 781 2609 Rhenum
805 2549 901 2623 iussit,
922 2563 957 2607 ac
987 2544 1042 2605 sibi
1068 2555 1137 2626 post

134 2631 284 2711 prandium
301 2649 385 2710 quam
398 2632 653 2692 tumultuosissime
670 2630 775 2692 adesse
794 2629 907 2691 hostem
918 2630 1050 2689 nuntimi.
1071 2629 1135 2705 Quo

134 2715 230 2791 lucto,
258 2716 400 2795 proripuit
423 2733 456 2775 se
479 2733 542 2776 curn
564 2717 708 2776 amiciret
730 2723 813 2794 parte
831 2715 957 2793 equitnm
978 2715 1135 2792 praetorir-

96 2815 237 2862 aonorum
263 2800 292 2858 in
314 2798 474 2878 proximam
501 2798 619 2875 silvam,
652 2799 849 2877 truncatisque
872 2796 1024 2858 arboribus
1054 2798 1136 2857 etin

0 2891 1 2896 ’
133 2881 249 2944 modum
270 2890 458 2961 tropaeorum
476 2881 637 2960 adornatis,
662 2882 697 2943 ad
719 2882 824 2943 lumina
847 2899 1000 2958 reversus,
1036 2895 1136 2941 eorum

1 3013 2 3022 ,
107 2971 109 2976 ’
134 2965 250 3046 quidem
267 2967 315 3043 qui
332 2965 424 3025 secuti
440 2982 498 3024 non
519 2976 618 3027 essent
638 2966 814 3026 timiditatem
835 2973 864 3025 et
884 2965 1027 3042 ignaviam
1045 2965 1135 3025 cerri·

133 3051 211 3128 puit,
232 3051 353 3110 comites
374 3058 469 3110 autem
489 3058 519 3109 et
535 3050 694 3128 participes
714 3050 854 3110 victoriae
876 3066 954 3109 novo
973 3066 1086 3126 genere
1100 3064 1136 3108 ac

133 3135 248 3194 nomine
276 3150 447 3195 coronarum
464 3132 597 3214 donavit,
624 3150 696 3212 quas
721 3132 870 3194 distinctas
893 3133 963 3193 solis
993 3149 1027 3192 ac
1050 3130 1134 3190 lunae

1 3213 2 3220 '
96 3217 318 3298 assidernmque
333 3219 434 3296 specie
451 3216 664 3296 exploratorias
678 3215 846 3295 appellarit.
889 3216 999 3276 Rursus
1018 3213 1135 3276 obsides

134 3300 276 3380 quosdam
292 3300 434 3362 abductos
449 3319 466 3361 e
480 3301 621 3362 litterario
635 3298 705 3360 ludo
719 3299 853 3377 clamque
871 3299 1069 3378 praemissos,¹
1087 3296 1136 3357 de·

133 3394 214 3444 serto
235 3393 357 3463 repente
379 3385 531 3460 convivio,
555 3402 618 3444 euru
639 3385 767 3462 equitatu
786 3385 934 3443 insecutus
955 3379 1044 3442 veluti
1068 3399 1136 3461 pro·

134 3467 222 3545 fugos
243 3487 279 3529 ac
298 3468 495 3547 reprehensos
523 3468 552 3526 in
582 3468 693 3530 catenis
720 3465 849 3535 reduxit;
877 3466 906 3524 in
936 3465 993 3527 hoc
1019 3482 1137 3545 quoque

272 3691 340 3762 vat'ht
358 3685 463 3734 stffi'ff'n
482 3705 493 3729 “·
519 3697 594 3744 ἷὶἲῦι
