2412 3876
116 199 160 258 ’56
205 209 235 257 0.
251 209 402 258 suaseras
421 208 549 268 ranno.
566 209 613 256 nu
629 207 712 256 vrrs
728 207 912 256 causacum
927 209 996 255 um.
1012 209 1050 256 11.

120 365 190 424 ditio
215 380 313 424 coram
337 362 535 442 pugillarium,
561 381 635 442 quos
655 365 734 424 taciti
754 373 783 422 et
803 362 910 424 ibidem
930 365 1024 423 statim
1042 361 1131 440 lege-

11 507 13 512 ,
119 457 199 516 rent;
227 449 393 524 notavitque
422 447 549 525 aliquos,
575 446 653 526 quod
677 450 814 527 pecunias
841 445 1000 506 levioribus
1029 447 1132 506 usuris

75 534 237 592 somatuati
258 533 396 609 graviore
417 531 542 590 loenore
559 531 766 591 collocassent.
806 531 852 591 Ac
868 532 991 590 comitiis
1006 529 1131 589 tribuni-

121 619 174 677 ciis
188 617 212 674 si
228 614 366 675 deessent
381 613 522 675 candidati
539 624 706 692 senatores,
729 633 766 674 ea
786 613 930 693 equitibus
947 614 983 681 ii.
1003 615 1131 690 creavit,

120 703 209 760 itaut
230 707 377 779 potestate
398 707 557 776 transacta,
580 700 609 758 in
632 708 696 758 utro
713 698 823 758 vellent
848 697 949 758 ordine
964 706 1130 758 manerent.
1153 717 1165 756 t

121 784 192 844 Cum
207 792 302 843 autem
316 782 449 862 plerique
466 785 591 861 equitum
612 785 709 844 attrito
732 781 818 841 bellis
841 781 973 842 civilibus
988 785 1129 862 patrimo·

120 872 169 929 nio
187 877 323 947 spectare
338 866 422 927 ludos
443 885 460 926 e
480 866 709 945 quattuordecim
729 883 788 926 non
803 865 940 926 auderent
956 875 1033 926 metu
1053 884 1129 945 poe·

120 971 175 1013 nae
194 952 359 1029 theatralis,
385 953 580 1031 pronuntiavit
600 968 657 1009 non
678 952 770 1010 teneri
791 969 841 1028 ea,
865 949 967 1030 quibus
988 951 1060 1029 ipsis
1077 967 1130 1029 pa·
1204 985 1205 990 κ

120 1035 289 1096 rentibusue
309 1043 445 1114 equester
462 1052 565 1094 census
582 1053 713 1113 umquam
726 1033 839 1104 luisset.

184 1119 288 1199 Populi
309 1135 462 1178 recensum
485 1120 600 1177 uicatim
619 1120 693 1196 egit,
714 1135 748 1178 ac
768 1137 804 1177 ne
827 1115 912 1197 plebs
927 1119 1127 1178 frumentatio·
1140 1141 1164 1182 1o
1197 1172 1200 1178 .

120 1220 187 1262 num
202 1220 288 1267 causa
303 1202 483 1280 frequentius
499 1201 535 1261 ab
555 1204 682 1278 negotiis
698 1210 888 1279 avocaretur,
913 1210 958 1263 ter
978 1206 1008 1262 in
1022 1220 1130 1262 annum

122 1296 289 1367 quaternum
303 1293 575 1345 mensumtesseras
594 1285 664 1345 dare
684 1286 852 1356 destinavit;
875 1285 928 1347 sed
948 1286 1128 1347 desideranti

121 1367 358 1430 consuetudinem
370 1377 500 1428 veterem
516 1373 663 1430 concessit
674 1389 782 1447 rursus,
799 1381 829 1430 ut
840 1372 884 1430 sui
897 1372 1035 1450 cuiusque
1047 1388 1128 1430 meu·

120 1457 161 1516 sis
176 1455 335 1532 acciperet.
376 1451 564 1514 Comitiorum
585 1472 701 1534 quoque
722 1457 871 1533 pristinum
891 1457 934 1514 ius
954 1455 1069 1516 reduxit
1092 1473 1129 1514 ac

120 1538 271 1616 multiplici
286 1555 382 1616 poena
399 1541 531 1598 coercito
553 1538 674 1616 ambitu,
696 1538 831 1599 Fabianis
855 1547 885 1598 et
905 1539 1126 1618 Scaptiensibus
1138 1559 1164 1600 rs

121 1621 274 1684 tribulibus
293 1624 352 1680 suis
368 1623 413 1682 die
431 1625 627 1699 comitiorum,
649 1640 685 1681 ne
700 1623 767 1701 quid
782 1642 798 1683 a
813 1640 957 1701 quoquam
972 1622 1127 1684 candidato

120 1707 334 1784 desiderarent,
354 1705 559 1783 singulamilia
574 1724 715 1766 nummum
731 1725 747 1767 a
761 1725 794 1765 se
810 1705 966 1767 dividebat.

183 1791 280 1868 Magni
292 1801 445 1868 praeterea
457 1792 623 1850 existimans
639 1791 783 1849 sincerum
799 1799 883 1868 atque
900 1790 935 1850 ab
951 1790 1128 1850 omnicollu·

121 1878 208 1936 uione
234 1876 384 1954 peregrini
410 1891 446 1932 ac
471 1874 597 1934 servilis·
614 1875 761 1950 sanguinis
785 1875 983 1953 incorruptum
1005 1891 1126 1934 servare

121 1959 274 2040 populum,
295 1968 324 2019 et
345 1958 490 2018 civitatem
509 1959 667 2018 Romanam
686 1958 856 2035 parcissime
879 1957 957 2018 dedit
980 1967 1010 2018 et
1029 1974 1162 2018 mauu-ao

120 2043 248 2106 mittendi
263 2041 377 2102 modum
391 2043 561 2100 terminavit.
601 2041 719 2101 'liberio
741 2057 795 2119 pro
819 2041 923 2102 cliente
939 2041 1052 2104 Graeco
1075 2061 1125 2122 pe·

120 2127 191 2186 tenti
217 2126 384 2202 rescripsit,
411 2143 470 2185 non
486 2125 580 2185 aliter
604 2143 636 2184 se
660 2125 803 2203 daturum,
833 2144 916 2205 quam
937 2129 962 2186 si
983 2144 1125 2206 praesens

120 2207 175 2268 sibi
189 2210 400 2286 persuasisset,
422 2227 505 2288 quam
518 2211 607 2268 iustas
621 2209 739 2288 petendi
760 2227 862 2269 causas
876 2209 1014 2280 haberetss
1036 2219 1066 2270 et
1080 2210 1124 2270 Li-

120 2294 185 2352 viae
208 2309 260 2369 pro
283 2291 407 2371 quodam
430 2293 581 2352 tributario
597 2292 681 2354 Gallo
704 2297 820 2370 roganti
836 2293 980 2354 civitatem
995 2296 1128 2372 negavit„
1161 2341 1165 2345 .

120 2377 323 2438 immunitatem
339 2375 443 2456 optulit
458 2376 619 2452 affirmans,
642 2377 756 2436 facilius
771 2396 804 2438 se
821 2397 971 2457 passurum
985 2379 1058 2438 lisco
1074 2377 1123 2438 de·
1133 2395 1162 2436 as

120 2461 193 2522 trahi
211 2461 333 2540 aliquid,
350 2477 433 2539 quam
449 2461 573 2520 civitatis
588 2461 736 2522 Romanae
752 2461 863 2539 vulgari
875 2461 1028 2522 honorem.
1057 2463 1124 2522 Ser·
1183 2503 1186 2508 -

121 2563 175 2606 uos
196 2563 254 2605 non
277 2552 429 2605 contentus
449 2543 543 2603 multis
562 2533 778 2604 difficultatibus
798 2565 814 2604 a
834 2544 969 2606 libertate
989 2554 1019 2605 et
1034 2545 1123 2605 multo

121 2628 251 2707 pluribus
265 2647 282 2689 a
297 2628 430 2688 libertate
445 2630 519 2688 iusta
534 2629 710 2704 removisse,
735 2647 798 2688 cum
812 2636 841 2688 et
855 2629 891 2690 de
909 2647 1028 2690 numero
1044 2629 1124 2690 etde

121 2710 287 2770 conditione
306 2729 341 2771 ac
358 2711 518 2772 differentia
537 2730 638 2772 eorum
658 2713 706 2791 qui
727 2714 989 2774 manumitterentur
1008 2714 1122 2774 curiose

121 2796 261 2872 cavisset,
287 2794 345 2854 hoc
367 2812 483 2874 quoque
505 2797 625 2872 adiecit,
652 2814 689 2855 ne
709 2798 820 2855 vinctus
840 2814 972 2876 umquam
992 2806 1162 2858 tortusveeo

121 2881 184 2957 quis
200 2876 260 2937 ullo
277 2878 419 2937 libertatis
437 2897 548 2956 genere
564 2881 707 2940 civitatem
724 2880 942 2958 adipisceretur.

182 2961 275 3021 Etiam
298 2961 423 3021 habitum
444 2966 636 3042 vestitumque
662 2965 812 3042 pristinum
836 2965 978 3026 reducere
1005 2965 1121 3043 studuit,

120 3064 156 3106 ac
171 3046 232 3105 visa
248 3045 390 3124 quondam
405 3063 459 3126 pro
476 3049 610 3106 contione
629 3048 802 3127 pullatorum
816 3050 914 3126 turba,
937 3045 1120 3126 indignabun-

119 3129 172 3189 dus
189 3138 218 3188 et
234 3129 398 3190 clamitans:
1044 3187 1046 3192 ,

6 3258 17 3286 ,
35 3243 68 3288 ,p
82 3251 91 3278 a
109 3239 152 3278 aa
182 3211 430 3302 Engliomanos,
455 3232 558 3274 rerum
581 3213 736 3291 dominos,
763 3223 941 3295 pestemque
967 3219 1155 3296 inpellamus

99 3312 105 3318 ’
119 3298 267 3375 negotium
282 3296 422 3358 aedilibus
437 3297 530 3374 dedit,
546 3316 582 3358 ne
598 3315 682 3380 quem
696 3300 820 3378 posthae
832 3308 999 3379 paterentur
1012 3303 1042 3360 in
1054 3301 1119 3364 loro

122 3382 237 3444 circa've
254 3383 309 3442 nisi
325 3382 429 3460 positis
443 3381 568 3441 lacernis
584 3391 713 3459 togatum
729 3384 901 3444 consistere.
1015 3393 1022 3404 ·
1083 3439 1085 3442 ,

77 3474 113 3527 41
183 3465 398 3528 Liberalitatem
417 3463 548 3526 omnibus
564 3465 710 3526 ordinibus
724 3485 778 3548 per
798 3468 969 3530 occasiones
985 3468 1119 3548 frequen
1203 3505 1205 3548 t
