2408 3870
283 217 333 263 XX
621 214 829 264 PRAEFATIO.

285 374 362 430 multi
389 374 423 429 ab
448 371 603 429 editoribus
626 375 672 428 vel
698 374 799 430 leuiter
825 375 944 446 inspecti
968 376 1012 432 vel
1039 376 1191 446 diligenter

285 457 381 514 collati
397 461 468 512 suut.
514 455 562 512 Sic
576 462 607 510 ut
621 459 757 529 exemplis
774 465 851 528 utar,
870 458 984 514 Parisiis
1003 459 1031 513 in
1049 460 1191 530 Imperiali

284 541 455 598 bibliotheca
476 539 542 596 libri
566 539 654 595 XXIV
670 557 783 598 numero
805 547 970 612 servantur,
993 559 1043 614 per
1059 542 1191 600 Alaman-

284 623 542 692 niamltasilienses,
558 623 771 694 Friburgenses,
790 625 957 680 Turiceuses
969 626 1106 696 singulos,
1121 627 1192 682 Ber-

283 724 384 764 uenses
402 703 470 782 (nou
485 701 663 778 Bremeases)
680 708 750 764 duos
764 709 875 764 habent.
922 709 1035 780 sedin
1044 715 1124 764 tauto·
1139 727 1192 764 uu-

228 817 230 820 ·
284 807 361 847 mero
383 790 465 864 pauci
487 796 566 860 sunt,
589 806 704 861 quorum
725 792 876 849 collatione
894 793 979 848 hodie
1001 792 1192 848 Suetouianus

283 875 357 930 liber
370 874 496 931 adiuvari
508 890 592 946 posse
602 874 738 930 videatur.
763 875 797 930 Et
809 876 972 948 antiquitate
984 882 1013 932 et
1027 877 1192 947 integritate

283 958 419 1029 reliquos,
427 963 562 1030 quotquot
573 958 662 1012 adhuc
672 959 861 1034 incoluerunt,
870 975 965 1016 omues
978 960 1062 1030 longe
1074 966 1194 1030 superat

284 1041 1192 1111 etquasiobscuratllemmianusliberl’arisiaustillh.

282 1125 378 1194 ltaque
394 1125 477 1196 paulo
493 1125 636 1195 copiosius
653 1126 688 1180 de
708 1142 743 1181 co
758 1128 903 1184 dicendum
921 1127 1059 1183 existimo.

121 1215 198 1279 codex
209 1214 274 1281 mam·
343 1207 460 1278 Prodiit,
480 1213 508 1262 ut
523 1208 577 1263 iarn
594 1208 723 1278 diximus,
741 1227 756 1264 e
771 1211 925 1265 'turonensi
941 1209 1112 1266 bibliotheca
1130 1205 1193 1282 (in-·

152 1278 244 1309 mimus.
283 1292 397 1364 scripsit
413 1291 485 1347 euim
498 1307 574 1347 saec.
592 1291 656 1346 Xlll
670 1292 900 1348 bibliothecarius
918 1292 1033 1363 aliquis:
1049 1291 1127 1347 iste
1139 1293 1191 1347 li-

283 1377 349 1432 ber
365 1382 419 1430 est
436 1375 477 1430 de
500 1374 652 1431 armario
674 1378 714 1431 bl
729 1376 872 1432 martini
890 1373 965 1448 tdr)
984 1390 1055 1430 anno
1072 1374 1192 1432 circiter

283 1465 350 1519 1562
366 1460 543 1530 perturbas,
561 1465 591 1512 ut
608 1475 661 1530 ego
677 1459 823 1529 existimo,
838 1457 1027 1528 Hugenoticas
1042 1459 1192 1530 pervenit-

283 1560 336 1614 que
357 1543 385 1597 in
410 1542 607 1598 bibliothecam
628 1543 742 1598 Henrici
757 1542 874 1598 Memmii
897 1538 948 1616 (de
962 1537 1095 1614 blesmes)
1119 1559 1192 1614 sup-

281 1627 382 1698 plicum
397 1625 556 1681 libellorum
572 1626 600 1681 iu
614 1627 694 1696 regia
709 1626 843 1698 magistri.
873 1623 939 1680 Nam
956 1625 1029 1696 quod
1036 1625 1192 1680 liebertum

282 1709 450 1780 Stephanum
472 1709 509 1774 ¹in
530 1710 700 1766 emendanda
725 1710 848 1766 editione
873 1708 998 1764 Parisina
1030 1707 1192 1768 auni1543

280 1793 442 1850 blemmiano
464 1792 563 1848 codice
578 1805 656 1848 usum
672 1810 735 1848 esse
752 1792 886 1848 Graevius
904 1785 1008 1862 aliique
1025 1791 1191 1862 voluerunt,

280 1878 309 1932 id
339 1876 437 1933 falsum
468 1870 553 1947 est⁷).
598 1875 719 1945 Primus,
748 1882 877 1946 quantum
900 1874 1073 1944 investigare
1095 1875 1189 1946 potui,

279 1961 441 2016 blemmiaao
479 1959 571 2014 codici
605 1975 718 2031 operam
749 1959 826 2014 dedit
853 1957 1007 2015 lladriauus
1039 1958 1189 2014 Turnebus

279 2060 305 2098 a·
321 2048 405 2111 1564,
428 2043 474 2113 qui
497 2042 525 2096 in
542 2041 875 2113 Adversariorum·parte
891 2041 982 2097 media
997 2041 1044 2097 lib.
1061 2045 1190 2100 13—24

277 2125 376 2182 Errico
389 2125 513 2180 Memmio
525 2126 667 2194 dedicate,
680 2142 769 2197 neque
784 2131 873 2181 tamen
889 2126 948 2179 eius
961 2124 1071 2181 nomine
1083 2124 1192 2180 librum

279 2210 422 2282 appellare
438 2225 533 2278 ausus,
549 2209 632 2276 multa
647 2209 711 2264 iude
727 2209 838 2280 prolata,
853 2207 1063 2270 commendavit.
1099 2205 1202 2262 Simi-v

277 2294 343 2349 liter
358 2300 387 2348 et
402 2293 498 2348 Petrus
514 2287 678 2366 Pithoeus⁸)
697 2298 725 2347 et
742 2287 894 2364 laeuaes⁹)
917 2289 1100 2361 Obsopoeus,
1123 2305 1191 2347 cum

275 2406 484 2416 .-,-.-....--

254 2494 259 2505 ·
346 2469 375 2534 7)
394 2474 526 2522 Lectiones
543 2473 727 2534 consideranti,
745 2487 807 2538 quaa
825 2471 968 2538 Stephanus
985 2471 1082 2535 primus
1098 2470 1125 2518 tn
1144 2485 1188 2519 or-

276 2543 362 2592 dinem
375 2541 509 2591 verbarum
527 2541 636 2606 recepit,
662 2541 793 2606 apparebit
811 2541 844 2591 ad
860 2554 964 2590 manum
982 2539 1006 2590 ei
1018 2539 1086 2588 duos
1104 2538 1190 2588 libros

276 2605 384 2674 scriptas
401 2607 496 2669 fuisse,
516 2623 622 2672 quorum
640 2611 747 2660 alterurn
765 2610 877 2659 codicem
896 2608 1038 2659 Parisiuunn
1055 2605 1125 2657 6116
1144 2608 1192 2656 vel

276 2676 344 2728 5802
362 2676 443 2727 fuisse
461 2677 582 2738 arbitror,
605 2678 711 2728 alterum
731 2677 840 2728 similem
858 2679 967 2740 aliquem
985 2673 1091 2724 Medicei
1108 2675 1203 2739 primi

276 2753 299 2794 et
320 2745 454 2810 Capesianl
479 2752 503 2794 et
526 2745 655 2806 Hulsiani‚
683 2747 792 2796 fortasse
817 2745 958 2796 Parisinum
982 2744 1083 2809 regium
1104 2742 1189 2794 5861.

274 2815 315 2864 Ad
334 2814 396 2862 illud
412 2828 498 2878 genus,
513 2813 576 2862 haec
594 2815 736 2878 pertinent:
755 2830 780 2878 p.
800 2813 842 2871 63,
858 2813 891 2865 26
909 2821 933 2864 et
952 2821 979 2864 ut
996 2828 1076 2871 anua,-
1094 2826 1120 2875 p.
1141 2810 1188 2871 85,

265 2885 356 2933 ,4111111
375 2890 450 2942 tunc,·
461 2898 486 2948 p.
502 2881 562 2944 213,
580 2881 598 2932 6
615 2891 696 2934 tamen
714 2883 849 2942 omissum3
867 2880 1012 2946 1121812
1029 2883 1191 2940 lactassent,-

273 2967 300 3016 p.
319 2950 387 3012 237,
414 2951 427 3000 1
455 2959 480 3002 et
496 2954 654 3010 statuarum
678 2967 704 3017 p.
724 2950 791 3014 262,
810 2953 827 3000 4
845 2960 959 3003 caraman.
997 2947 1038 2999 Ad
1056 2949 1190 3012 posterius

273 3019 352 3070 haee:
371 3034 396 3084 p.
416 3019 456 3080 ll,
475 3018 509 3070 36
523 3021 729 3084 flaminibusque·
747 3033 772 3083 p.
786 3019 828 3078 37,
848 3019 862 3067 1
878 3027 904 3070 et
925 3019 1063 3068 omissum:
1081 3032 1107 3081 p.
1124 3016 1189 3074 142,

249 3088 290 3142 26
316 3095 454 3154 caperent,⁸
481 3103 508 3152 p.
528 3089 593 3146 244,
619 3087 651 3138 19
676 3095 699 3137 et
729 3087 882 3140 methodicen.
918 3085 1063 3138 Memmiani
1088 3083 1190 3135 codicis

273 3158 342 3222 apud
362 3155 517 3222 Stephanum
536 3170 584 3220 ego
604 3171 636 3204 ne
653 3155 790 3220 vestigium
809 3156 909 3219 quidem
928 3155 1021 3220 reperi.

309 3237 316 3248 ⁸
341 3223 372 3287 8)
385 3223 504 3275 Pithoeus
520 3223 570 3272 iam
591 3224 618 3272 in
629 3220 772 3274 Subsecivis
792 3225 847 3274 suia
858 3223 958 3274 Octobri
974 3237 1062 3272 mense
1078 3236 1102 3273 a.
1116 3221 1192 3273 1564

274 3293 350 3343 editis
360 3292 481 3343 nonnulla
493 3307 506 3341 e
521 3296 630 3342 ‘vetusto
640 3298 664 3340 et
673 3292 767 3356 optimo
779 3290 855 3343 libro'
865 3291 991 3358 prodidit3
1001 3289 1076 3358 plura
1087 3289 1192 3340 Casan-

276 3361 366 3420 honus‚
378 3361 420 3424 qui
431 3359 569 3409 Pithoeana
579 3360 699 3426 excerpta
711 3375 734 3410 a.
749 3360 816 3412 1594
825 3377 872 3426 per
885 3360 1003 3410 Iacobum
1011 3357 1193 3424 Bongarsium

275 3444 333 3479 acce
353 3436 414 3481 erat.

333 3444 373 3560 1³9)
386 3496 503 3547 Barthius
516 3497 648 3562 aliquoties
660 3499 820 3549 Vincendum
831 3496 991 3564 Obsopoeum
1006 3495 1131 3562 adiungit,
1144 3513 1192 3546 sa-
