2438 3872
380 219 385 228 Δ
459 145 748 196 vurauuuus,
1041 135 1105 200 223
1206 179 1208 196 2

101 299 253 361 visendam
280 300 435 379 praeberet
461 302 567 362 iacicm
595 319 671 361 neve
699 303 901 370 summitterem
933 302 1103 382 quidusdam

103 393 236 447 stercore
252 394 281 444 et
296 403 388 445 caeno
404 385 628 462 incessentihus,
646 384 714 446 aliis
729 385 937 446 incendiarium
952 395 982 446 et
993 390 1101 466 patina·

101 471 174 530 rium
189 468 425 547 vociferantibus,
444 480 527 548 parte
544 469 625 548 vulgi
644 471 731 529 etiam
748 471 884 549 corporis
904 471 972 530 vitia
994 489 1103 550 expro·
1208 541 1209 544 Ἴ

102 554 220 623 brante;
245 554 403 613 eratenim
426 555 455 612 in
476 569 513 613 eo
537 553 667 614 enormis
683 553 864 632 proceritas,
886 554 980 614 iacies
1000 554 1102 616 rubida
1209 627 1210 632 η

73 651 88 690 ⁵
103 639 275 719 plerumque
289 656 327 697 ex
341 636 507 715 vinulentia,
522 647 625 698 venter
642 637 769 715 obesus,
786 634 909 698 alterurn
924 638 1017 698 femur
1034 638 1101 700 sub·

102 722 200 784 d'ebiie
215 721 338 802 impulsu
354 721 423 781 olim
440 721 610 800 quadrigae,
626 740 690 782 curu
707 723 850 800 auriganti
866 721 938 784 Gaio
960 723 1100 784 ministra·

102 817 198 869 torem
212 806 374 868 exhiberet.
403 805 530 866 Tandem
551 806 626 884 apud
645 805 802 867 Gemonias
824 806 1018 866 minutissimis
1037 807 1099 870 icti·

101 893 158 953 bus
172 891 394 952 excarnificatus
410 898 496 968 atque
513 891 666 952 coniectus
683 899 742 967 est,
764 899 794 950 et
812 889 878 950 inde
900 908 975 951 unco
990 899 1101 952 tractus

103 979 132 1036 iu
148 975 285 1037 Tiberim.

65 1067 93 1108 ¹⁰
166 1060 255 1120 Periit
272 1059 439 1120 cumfratre
456 1068 485 1118 et
500 1057 560 1118 dlio
575 1075 650 1118 anno
674 1060 750 1120 vitae
773 1059 897 1138 septimo
920 1059 1100 1138 quinquage·
1108 1077 1145 1132 15

103 1146 190 1212 simo;
207 1162 263 1204 nec
276 1143 382 1203 ieieliit
400 1144 566 1203 coniectura
583 1158 683 1202 eorum
695 1143 744 1221 qui
755 1145 888 1220 augurio,
903 1141 982 1222 quod
993 1142 1101 1203 facturn

103 1232 131 1288 ei
143 1229 274 1289 Viennae
286 1227 475 1302 ostendimus,
486 1243 544 1286 non
557 1225 634 1285 aliud
646 1226 780 1306 portendi
790 1226 1003 1306 praedixerant,
1016 1243 1101 1304 quam

102 1321 254 1373 venturum
271 1313 300 1370 in
315 1311 436 1372 alicuius
450 1310 594 1372 Gallicani
610 1309 733 1370 hominis
750 1318 938 1388 potestatem
959 1310 1100 1389 siquidem

103 1396 140 1457 ab
152 1396 281 1458 Antonio
297 1394 393 1458 Primo
408 1394 596 1472 adversarum
617 1396 741 1472 partium
763 1393 837 1454 duce
859 1412 1021 1473 oppressus
1043 1401 1101 1470 est,

63 1483 94 1528 ¹⁸
104 1479 292 1554 cui'l'ciosae
308 1489 376 1541 nato
395 1494 559 1557 cognomen
578 1478 607 1536 iu
622 1478 745 1557 pueritia
760 1476 859 1538 Becco
874 1477 984 1538 iuerat:
1005 1475 1033 1536 id
1050 1494 1100 1538 va·

101 1566 143 1625 let
158 1564 314 1643 gallinacei
329 1573 465 1625 rostrum.
