2412 3876
193 223 304 274 xcvm
535 215 743 270 PRAEFATIO.

195 401 222 458 p.
237 391 299 453 319,
314 390 348 442 20
362 383 515 439 traduntur.
547 380 605 436 Nec
620 397 709 453 panon
725 380 797 453 apud
812 381 901 436 bonos
919 381 986 436 artis
1001 381 1099 446 docto-

196 483 254 536 res,
270 467 379 524 Festum
396 465 459 522 dico
475 471 503 520 et
518 459 726 538 charisium⁹⁰),
743 463 872 520 similiter
890 465 1016 520 invenies
1034 471 1106 536 per-'

197 550 300 622 scripta
316 556 397 621 atque
418 549 464 603 hic
478 549 646 604 scribuntur.
690 547 832 603 Postremo
857 548 891 602 nd
908 548 1098 618 uindicandum

196 633 277 689 titulo
290 633 408 704 aliquem
420 633 611 688 auctoritatem
622 629 784 700 Hieronymi
800 631 879 686 locus
895 630 942 702 qui
957 631 992 687 de
1003 630 1098 687 Palae-

196 733 277 772 mone
307 716 423 787 eiusque
444 715 702 786 distinguendorum
722 714 921 771 vocabulorum
940 715 1035 772 studio
1057 721 1098 771 est

197 800 291 856 lucere
308 793 470 872 poterirl').
569 817 572 824 ·

260 883 335 939 llaec
350 883 375 938 si
391 889 469 938 recte
484 881 662 952 inutramque
678 888 784 953 purtem
794 881 932 953 disputata
944 897 1008 937 esse
1020 880 1098 938 vide·

196 968 314 1037 huntur,
332 983 400 1022 vere
416 965 566 1023 Suetonius
586 967 778 1034 homonymica
798 965 931 1036 quaedam
949 981 984 1019 cx
1001 964 1097 1022 Polae-

197 1050 286 1106 monis
316 1049 391 1105 libro
423 1051 556 1120 decerpta
585 1050 614 1103 in
644 1048 752 1104 Pratum
778 1065 856 1105 suum
880 1047 989 1117 intulit,
1015 1049 1098 1120 idque

197 1139 280 1204 caput
299 1132 443 1205 posterior
462 1133 563 1203 aliquis
585 1131 719 1202 magister
736 1132 888 1204 descripsit
906 1131 1098 1203 similibusque

196 1215 363 1272 differentiis
380 1216 524 1271 adauctum
540 1223 568 1269 et
591 1216 834 1272 observationibus
855 1215 1042 1286 grammaticis
1057 1216 1099 1270 di-

195 1299 272 1356 versi
297 1298 411 1369 generis
438 1299 632 1371 interpolatum
652 1300 725 1354 lraud
753 1297 820 1354 sn'ne
842 1299 964 1354 feliciter
982 1298 1098 1370 emplius

196 1383 271 1437 lecit.
309 1381 366 1437 Sed
381 1399 450 1452 quae
469 1382 524 1436 sint
535 1382 665 1452 antiquae
678 1383 870 1453 genuinasque
885 1381 975 1438 libelli
993 1388 1099 1453 partes,

196 1482 267 1536 quae
287 1463 426 1534 noviciae,
441 1465 469 1520 id
486 1482 574 1536 neque
590 1465 672 1521 facile
686 1471 729 1520 est
740 1467 888 1538 explorare
905 1471 933 1520 et
949 1483 963 1520 n
981 1463 1100 1521 consilio

195 1549 277 1604 huius
293 1547 425 1604 editionis
437 1547 565 1604 alienum.
599 1548 824 1604 Emendationum
839 1555 930 1604 autem
942 1555 1100 1611 nostrarum

197 1639 224 1688 et
249 1631 414 1690 brevissima
438 1638 466 1686 et
486 1632 707 1688 commodissime
734 1633 869 1688 rationem
890 1632 1053 1702 reddemus,
1075 1633 1100 1688 si

196 1723 325 1772 mutatam
340 1733 355 1772 a
370 1714 451 1771 nobis
470 1715 577 1771 codicis
592 1715 740 1770 lectionem
752 1732 822 1787 quac
841 1715 951 1787 quidem
966 1710 1099 1772 memoria

196 1799 280 1868 digna
293 1799 432 1868 rideatur,
452 1798 499 1856 hio
516 1798 736 1871 apposuerimus.

257 1887 319 1954 307,
333 1889 351 1941 4
368 1889 444 1938 terro
463 1874 469 1960 Ι
487 1887 503 1942 7
516 1883 549 1953 fit
561 1882 672 1937 honoros
688 1886 718 1937 ut
731 1881 806 1936 dotes
820 1883 977 1938 sacerdotes
995 1879 1000 1960 Ι
1019 1883 1098 1942 Sto-

194 1982 277 2024 nores
297 1971 327 2022 ut
344 1967 459 2022 arbores
482 1961 487 2038 Ι
513 1973 546 2025 13
560 1968 649 2037 possit
672 1978 732 2020 esse
748 1965 908 2020 absconsum
925 1982 990 2021 nem
1009 1983 1072 2022 cum
1095 1960 1099 2009 Ι
1194 1999 1195 2002 =

195 2058 230 2113 18
243 2046 415 2127 hobomdot'l
435 2055 468 2108 21
484 2064 553 2120 opus
572 2045 575 2126 Ι
595 2055 628 2106 22
649 2049 723 2122 quod
736 2055 763 2104 et
781 2046 906 2120 animus,
922 2067 1005 2123 supra
1020 2065 1035 2104 s
1050 2051 1101 2106 ad-

196 2135 254 2190 dito
275 2151 301 2188 m
320 2129 324 2207 Ι
345 2139 378 2194 27
403 2135 557 2204 pomerium
579 2133 626 2188 arbi
635 2148 719 2205 pomo
743 2126 748 2209 Ι
773 2139 807 2194 28
821 2139 847 2188 et
868 2131 1102 2210 reanimatus

195 2224 260 2273 sont
277 2211 281 2292 Ι
301 2224 335 2277 32
350 2218 436 2273 vetum
455 2218 542 2272 tineae
567 2209 571 2294 Ι
596 2223 630 2277 36
647 2222 674 2272 et
687 2222 720 2277 37
740 2217 840 2273 absunt
861 2217 1016 2274 altdbneri
1031 2234 1102 2289 apo·

194 2304 360 2456 ἕηρεΙοέᾼ
386 2384 521 2439 crusticae
543 2375 550 2461 Ι
575 2389 591 2444 7
612 2387 693 2440 uinco
714 2375 720 2461 Ι
747 2391 779 2444 11
793 2397 875 2441 osnes
889 2383 989 2464 fieret}
1012 2390 1044 2445 19
1063 2386 1102 2440 tte

194 2471 273 2525 dolor
288 2475 314 2524 et
333 2464 337 2544 Ι
356 2475 390 2526 22
404 2466 592 2524 circumdatur
615 2460 621 2546 Ι
646 2474 680 2527 24
699 2484 794 2524 annua
811 2473 871 2524 cote
890 2462 894 2547 Ι
913 2477 949 2529 30
968 2472 1013 2525 eoi
1024 2483 1102 2527 usus.

200 2565 397 2577 m

262 2597 309 2660 00)
323 2599 375 2650 Gir.
391 2601 480 2648 Festus
495 2613 515 2648 s.
532 2613 555 2646 v.
567 2599 610 2658 cd,
625 2599 700 2660 apud,
714 2600 841 2660 lacerare,
854 2601 943 2660 tustra,
958 2603 1102 2660 miseratur,
1188 2632 1191 2640 ,

193 2675 333 2728 monstrum,
352 2667 497 2725 obsecrare,
514 2681 666 2728 properare,
682 2681 900 2729 superuacaneum,
917 2677 982 2720 tuor.
1012 2667 1104 2718 Chari-
1140 2704 1141 2707 1
1193 2713 1195 2722 ,

195 2735 226 2785 sii
250 2734 420 2800 comparanda
445 2744 504 2784 sunt
530 2749 560 2783 ea
583 2736 659 2784 verbe
683 2735 776 2799 quibus
799 2752 825 2802 p.
849 2737 882 2786 75
905 2736 932 2787 P.
948 2739 1102 2802 pugillares,

192 2819 219 2868 p.
238 2803 271 2854 85
285 2809 401 2865 pometa,
427 2817 452 2868 p.
472 2803 506 2854 80
523 2807 555 2853 mi
570 2812 594 2853 et
609 2803 680 2863 milri,
701 2819 727 2868 p.
750 2803 799 2854 100
813 2807 922 2868 plurium
938 2821 971 2853 an
992 2807 1102 2866 plorum,

192 2886 218 2937 p.
237 2869 286 2923 102
294 2873 359 2934 ficus
373 2886 405 2921 an
419 2873 483 2932 ficos
497 2871 612 2922 illustrat.
642 2872 736 2924 Eorum
755 2887 819 2936 qnae
835 2889 860 2938 p.
874 2872 932 2934 310,
949 2875 972 2923 7.
990 2872 1049 2931 320,
1066 2871 1104 2922 30

193 2940 320 3004 leguntur,
339 2941 365 2988 in
375 2939 566 2989 Veronensibus
588 2940 689 2990 scholiis
708 2941 740 2988 ad
758 2941 836 3007 Verg.
856 2943 921 2992 Aen.
944 2943 977 3002 1,
996 2943 1010 2992 1
1028 2950 1054 2992 et
1074 2941 1102 3002 8,

195 3008 244 3059 106
263 3008 364 3074 gemina
382 3009 505 3058 invenies.

262 3076 310 3136 07)
334 3075 497 3126 Desideratus
513 3077 539 3125 in
561 3086 647 3126 nostro
666 3077 768 3141 quidem
784 3076 867 3128 libello
891 3077 935 3126 illa
955 3077 1104 3128 differentia

193 3144 351 3194 Palaemonis
370 3145 472 3194 nomine
489 3145 628 3205 nobilitate,
642 3153 667 3196 et
681 3145 731 3194 alio
742 3146 835 3211 legitur
849 3159 874 3210 p.
889 3144 949 3206 319,
967 3147 1008 3200 27,
1048 3145 1104 3197 Sed

192 3220 218 3263 et
236 3212 304 3262 illam
321 3220 345 3263 et
359 3213 426 3262 haue
440 3227 470 3260 eo
488 3213 601 3263 collectio
616 3215 726 3264 servavit
740 3229 804 3276 quoe
823 3213 915 3265 Isidori
925 3213 1014 3274 fertur,
1029 3217 1102 3280 apud

193 3281 330 3330 Arevalum
349 3288 374 3332 et
384 3279 565 3331 Gothofredum
584 3281 694 3346 itemque
712 3282 738 3330 in
748 3282 880 3332 Basilicusi
894 3283 981 3332 codice
993 3283 1101 3348 scripta.

194 3351 281 3412 ltaque
307 3357 419 3400 nostram
443 3347 597 3414 farraginem
617 3350 660 3413 qui
684 3351 843 3415 compilavit,
868 3365 918 3400 non
936 3351 1102 3416 ignoratione

193 3417 286 3478 omisit,
306 3417 352 3468 sed
366 3417 481 3469 consulto
498 3417 600 3482 prologi
618 3418 699 3468 instar
711 3419 859 3484 praeposuit
876 3419 946 3468 illam
964 3419 1101 3470 Palaemo-

193 3485 232 3534 nis
252 3485 426 3537 differentiam.
