2412 3876
489 205 592 254 urvus
614 205 740 254 nunnus.
1076 199 1115 259 35

9 361 11 384 l
114 359 228 420 Vestali
253 362 403 420 maximae.
447 361 568 436 Quintus
591 358 708 420 Tubero
731 361 831 440 tradit,
855 361 995 422 heredem
1018 363 1053 424 ab
1077 381 1114 426 eo

9 463 10 520 t
115 443 204 504 scribi
227 443 341 504 solitum
361 461 399 503 ex
419 444 570 504 consulatu
596 445 688 524 ipsius
711 448 804 525 primo
832 463 922 525 usque
949 445 984 506 ad
1007 449 1115 508 initium

9 521 12 634 p
117 527 211 587 civilis
229 526 300 586 belli
321 525 381 587 GN.
403 527 586 606 Pompeium,
622 527 708 607 idque
735 529 872 590 militibus
901 548 954 610 pro
978 533 1114 592 contione

9 637 10 672 r
115 613 276 671 recitatum.
314 611 373 670 Sed
393 613 552 694 nouissimo
576 620 748 673 testamento
771 622 831 673 tres
852 614 972 673 instituit
988 612 1114 676 heredes

9 673 12 736 Ψ
94 712 249 756 nsororum
266 703 410 773 nepotes,
433 694 533 756 Gaium
552 695 703 756 Octavium
719 715 756 757 ex
774 697 929 771 dodrante,
953 706 983 757 et
998 697 1114 760 Lucium

115 778 258 840 Pinarium
276 788 305 840 et
322 778 456 854 Quintum
478 778 597 838 Pedium
620 797 657 838 ex
679 780 837 858 quadrante
858 781 986 860 reliquo;
1009 783 1038 840 in
1059 785 1114 842 ima

9 887 11 902 2
116 881 186 923 cera
198 861 297 924 Gaium
313 862 462 922 Octavium
474 866 558 923 etiam
574 865 603 922 iu
620 863 755 924 familiam
773 883 933 944 nomenque
951 865 1113 944 adoptarit;

116 948 276 1027 plerosque
294 960 499 1026 percussorum
516 949 545 1007 iu
563 946 704 1007 tutoribus
724 948 781 1024 lili,
798 950 889 1027 siqui
907 947 961 1008 sibi
980 966 1114 1010 nascere-

116 1042 176 1109 tur,
197 1033 368 1110 nominavit,
389 1031 539 1091 Decimum
555 1030 672 1090 Brutum
690 1034 775 1092 etiam
795 1035 824 1092 in
843 1032 979 1092 secundis
1001 1032 1113 1093 beredi-

83 1116 181 1175 robns.
210 1112 325 1193 Populo
342 1114 444 1176 hortos
467 1118 544 1176 circa
570 1113 698 1176 Tiberim
720 1115 855 1195 publice,
876 1125 906 1175 et
928 1117 1033 1176 viritim
1058 1125 1113 1176 tre-

9 1249 12 1258 .
106 1216 207 1260 ‘cenos
233 1201 384 1259 sestertios
406 1200 524 1276 legavit.
786 1251 788 1253 ,

10 1361 12 1364 Ι
167 1281 293 1366 ¹Funere
317 1281 425 1343 indicto
453 1302 543 1360 rogus
566 1293 730 1344 exstructus
751 1292 797 1342 est
823 1285 851 1341 in
874 1281 977 1343 llartio
1009 1297 1156 1362 cumpost

116 1370 196 1426 iuxta
212 1366 303 1427 luliae
319 1367 455 1426 tumulum
472 1377 501 1426 et
519 1384 573 1446 pro
596 1370 699 1429 rostris
724 1375 821 1429 aurata
840 1366 928 1426 aedes
946 1367 981 1426 ad
1001 1368 1122 1428 simula·

9 1445 11 1526 ζ
117 1467 197 1512 crum
221 1449 321 1529 templi
342 1453 468 1512 Veneris
489 1449 652 1511 Genetricis
674 1452 832 1518 collocata;
867 1452 999 1530 intraque
1020 1452 1114 1512 lectus
1173 1475 1175 1480 ·

10 1537 11 1568 l
80 1551 106 1594 15
118 1535 264 1596 eburneus
284 1551 355 1594 auro
377 1553 411 1594 ac
432 1553 558 1614 purpura
586 1545 708 1612 stratus,
741 1544 771 1594 et
796 1533 831 1594 ad
857 1542 942 1611 caput
965 1543 1115 1613 tropaeum

9 1639 14 1675 ι.
117 1636 182 1680 cum
201 1627 301 1696 reste,
323 1620 353 1677 iu
376 1637 432 1697 qua
454 1618 548 1679 fuerat
572 1621 699 1680 occisus.
729 1616 963 1679 Praeierentihus
985 1636 1113 1696 munera,

117 1705 183 1783 quia
201 1703 375 1762 suffecturus
393 1702 456 1762 dies
472 1720 531 1763 nou
548 1701 714 1780 videbatur,
737 1709 941 1781 praeceptum,
964 1710 994 1760 ut
1007 1703 1114 1761 omisso

9 1785 11 1810 ³
117 1786 229 1862 ordine,
241 1785 343 1868 quibus
356 1784 577 1865 quisquerellet
588 1785 738 1846 itineribus
749 1785 840 1864 urbis,
852 1793 981 1866 portaret
993 1787 1021 1844 in
1034 1782 1114 1845 Cam·

116 1889 193 1951 pum.
217 1869 295 1930 luter
305 1869 389 1929 ludos
402 1879 514 1932 cantata
531 1879 595 1931 sunt
608 1869 745 1952 quaedam
757 1869 792 1932 ad
805 1870 1017 1930 miserationem
1033 1879 1062 1929 et
1073 1871 1114 1928 in·

13 1953 14 1956 '
80 1954 220 2023 erviliam
235 1953 332 2017 caedis
348 1959 410 2018 eins
429 1957 645 2019 accommodata
657 1975 694 2016 ex
706 1957 812 2016 Pacuvi
830 1954 982 2015 Armorum
998 1952 1113 2015 iudicio:

263 2047 488 2117 Men'scrcosse‚
510 2052 541 2102 et
559 2052 647 2102 essent
662 2049 711 2117 qur·
726 2060 768 2100 mc
784 2045 953 2116 perderent?
1130 2039 1137 2048 ‘

116 2141 147 2190 et
165 2148 202 2190 ex
218 2127 337 2188 Electra
354 2126 425 2186 Atili
442 2126 478 2187 ad
502 2125 624 2185 similem
641 2127 821 2184 sententiam.
847 2122 1029 2184 Laudationis
1046 2122 1113 2184 loco

9 2203 22 2262 Ῐ
117 2212 220 2274 consul
239 2211 384 2270 Antonius
401 2228 454 2290 per
466 2227 642 2288 praeconem
659 2209 852 2288 pronuntiavit
867 2214 983 2266 senatus
1000 2207 1113 2266 consul·

9 2317 11 2342 ³
116 2308 193 2372 tunr,
216 2314 273 2375 quo
299 2297 392 2354 omnia
418 2294 499 2353 simul
519 2295 546 2352 ei
569 2293 665 2353 diviua
687 2302 772 2372 atque
789 2290 909 2351 humana
931 2288 1113 2366 decreverat,

9 2373 11 2380 ’
79 2397 106 2436 25
118 2385 188 2442 item
207 2379 423 2455 iusiurandum,
440 2394 497 2456 quo
518 2394 550 2436 se
569 2379 662 2436 cuncti
687 2394 741 2456 pro
763 2376 856 2436 salute
873 2377 956 2433 unius
974 2377 1114 2434 astrinxe-

117 2474 196 2533 rant;
212 2463 315 2542 quibos
332 2480 478 2542 perpauca
494 2479 510 2521 a
524 2479 557 2520 se
573 2461 662 2520 verba
677 2460 793 2520 addidit.
812 2458 929 2518 bectum
944 2473 997 2534 pro
1012 2457 1115 2516 rostris

9 2567 12 2599 t
118 2551 148 2608 in
169 2549 264 2608 lorum
281 2549 464 2624 magistratus
486 2553 514 2603 et
536 2543 695 2604 bonoribus
715 2544 804 2602 iuncti
821 2540 992 2602 detulerunt.
1025 2541 1116 2616 Quem

9 2603 12 2684 l
120 2650 183 2692 curn
206 2649 275 2710 pars
300 2633 329 2689 in
353 2628 509 2707 Capitolini
533 2627 613 2688 lovis
637 2629 711 2688 cella
737 2643 865 2686 cremare
888 2642 956 2703 pars
978 2625 1007 2683 in
1038 2626 1115 2684 curia

9 2711 11 2724 ³
118 2715 240 2794 Pompei
266 2713 440 2791 destinaret,
469 2721 592 2791 repente
614 2711 670 2771 duo
693 2709 821 2789 quidam,
846 2709 951 2786 gladiis
977 2708 1115 2768 succincti

9 2835 13 2856 .
82 2819 154 2868 sono
178 2798 246 2858 bina
270 2798 365 2858 iacula
391 2805 557 2874 gestantes,
587 2795 753 2856 ardentibus
775 2796 869 2855 cereis
895 2792 1115 2865 succenderunt,

9 2887 23 2902 ‘'
119 2875 331 2960 confestimque
368 2881 608 2940 circumstantium
633 2879 717 2940 turba
739 2878 865 2956 virgulta
891 2876 969 2936 arida
996 2886 1024 2936 et
1054 2893 1116 2936 cum

9 2981 18 3110 p
118 2964 267 3028 subselliis
288 2965 455 3041 tribunalia,
481 2963 616 3043 quicquid
638 2972 790 3042 practerea
816 2960 976 3045 addonem
1007 2961 1115 3036 aderat,

9 3083 17 3134 ,2
119 3051 280 3128 congessit.
300 3047 412 3108 Deinde
429 3048 564 3108 tibicines
580 3058 608 3108 et
621 3049 730 3107 scenici
746 3047 873 3106 artifices
887 3053 1008 3120 vestem,
1033 3059 1117 3123 quarn

9 3131 15 3194 ζ’
113 3127 157 3195 ex*
169 3132 378 3212 triumphorum
393 3135 580 3192 instrumento
596 3131 631 3192 ad
650 3140 832 3210 praesentem
852 3145 933 3190 usum
955 3128 1115 3201 induerant,

9 3221 21 3276 3·
82 3219 278 3281 adet-rectam
293 3216 348 3276 sibi
368 3226 452 3296 atque
469 3215 620 3276 discissam
640 3217 767 3274 iniecere
792 3214 938 3288 dammae,
962 3222 990 3272 et
1004 3218 1115 3271 vetera·

9 3305 11 3346 ὲ
117 3309 219 3362 noram
241 3301 360 3361 militum
385 3299 539 3378 legionarii
568 3317 644 3360 arma
670 3317 736 3376 sua,
771 3298 875 3377 quibus
900 3295 1008 3356 exculti
1031 3293 1116 3353 funus
1171 3315 1173 3321 ·

9 3348 33 3440 b
119 3385 322 3456 celebrabant;
341 3391 489 3446 matronae
507 3382 591 3442 etiam
606 3384 765 3462 pleraeque
780 3387 947 3442 ornamenta
962 3396 1024 3455 sua,
1043 3393 1116 3456 quae

117 3468 277 3548 gerebant,
295 3478 324 3529 ct
341 3468 499 3530 liberorum
513 3466 607 3527 bullas
622 3476 707 3545 atque
723 3470 913 3607 prfflemg,
