2416 3876
256 219 533 268 unananrronuu
554 221 736 270 ursaonuu
758 223 959 283 nuurcnrnu.
1032 161 1109 274 399

105 373 172 436 dius
195 383 283 454 poeta
299 376 327 433 in
345 373 433 434 exilio
450 376 525 452 perit
543 383 572 435 et
588 375 666 436 intuta
687 377 824 457 oppidum
841 374 953 438 Tomos
969 379 1109 457 sepelitur

106 467 227 520 7..70
245 465 310 517 771.

16 579 18 620 ι
172 542 321 602 Philistion
333 543 547 621 mimographus
562 545 678 604 natione
693 541 859 622 blaguesius
871 544 996 606 Asianus
1012 545 1107 606 clarus

104 627 232 688 habetur
246 626 355 687 Romae
371 643 402 686 a.
421 633 586 690 toa-761.
1174 643 1178 648 '

14 705 20 778 {⁸
77 734 91 772 s
170 709 287 770 Persius
316 708 442 771 Flaccus
464 713 597 771 satiricus
624 722 712 791 poeta
732 713 895 775 volaterris
924 715 1052 774 nascitur
1077 729 1107 774 a.

108 801 175 855 787.
195 802 253 856 788
278 839 285 853 .
309 838 316 852 .
337 837 345 852 ,
371 794 488 855 Persius
508 795 718 857 volaterranus
733 799 866 858 satiricus
883 806 969 878 poeta
991 798 1108 858 moritur

106 894 182 938 anno
198 879 301 938 aetatis
316 896 387 938 suae
405 880 548 956 vigesimo
566 897 642 940 nono
657 898 687 942 c.
705 889 772 942 815.
788 890 855 944 818.

177 977 238 1028 Vita
248 978 281 1027 Α.
290 977 371 1028 Persii
378 977 461 1028 Flacci
473 978 551 1044 vulgo
563 977 606 1029 hic
618 981 680 1046 poni
692 981 768 1031 solite
781 997 797 1030 a
808 982 882 1032 nobis
894 981 989 1032 omissa
1000 988 1110 1042 caccum

106 1053 205 1097 veteres
217 1046 277 1096 libri
288 1046 320 1096 de
332 1047 510 1097 commentario
523 1047 599 1098 Probi
610 1049 707 1100 Valerii
719 1050 844 1101 sublatam
856 1050 1037 1102 demonstrent.

64 1147 100 1206 to
170 1131 209 1193 ll.
225 1131 363 1193 Annaeus
379 1132 510 1193 Lucanus
519 1127 715 1195 Cordubensis
732 1145 820 1214 poeta
835 1138 863 1196 in
873 1136 1024 1197 Pisoniana
1040 1151 1107 1194 con·

106 1218 249 1278 iuratione
270 1217 470 1296 deprehensus
494 1217 640 1278 brachium
662 1220 697 1280 aul
717 1220 858 1281 secandas
880 1237 971 1280 renas
994 1218 1108 1280 medico

106 1301 288 1382 praebuita.
303 1310 368 1364 817.
388 1308 453 1363 818.
1118 1324 1161 1436 Ἰ

171 1387 187 1428 *
209 1387 225 1428 *
246 1387 263 1427 *
285 1389 376 1465 prima
397 1388 504 1464 ingenii
525 1390 722 1468 experimenta
750 1390 778 1449 ia
801 1388 964 1449 Neronis
995 1387 1153 1451 laudi-ir

106 1471 175 1531 bus
200 1471 279 1531 dedit
302 1472 506 1549 quinquennali
519 1475 685 1548 certamus,
714 1473 780 1533 dein
813 1472 930 1533 etrite
956 1471 1108 1547 bellum,

5 1577 6 1580 ¹
68 1563 96 1603 1³
106 1554 189 1634 quod
206 1573 221 1616 a
242 1556 381 1632 Pompeio
400 1564 429 1615 et
448 1553 576 1616 Caesare
597 1566 710 1634 gestum
732 1566 794 1633 est,
813 1557 962 1631 recitarit,
979 1565 1009 1615 ut
1024 1573 1108 1634 prae·

3 1691 5 1726 ι
106 1640 215 1698 latione
233 1639 354 1718 quadam
369 1649 494 1699 aetatem
513 1649 542 1699 et
557 1642 634 1701 initia
649 1659 701 1701 sua
717 1659 781 1700 cum
796 1639 920 1718 Virgilio
938 1656 1108 1720 comparans

106 1740 192 1783 ausus
210 1723 246 1782 sit
263 1722 381 1783 dicere:

628 1821 654 1869 et
667 1820 800 1886 quantum
813 1811 881 1869 milri
892 1817 979 1870 retici

195 1928 197 1936 ‚
271 1896 317 1951 Ad
330 1894 467 1954 Colacem

1 2045 2 2052 ἵ
67 1991 95 2032 ec
106 1974 180 2036 llro
172 1977 251 2036 rnrtro
265 1974 493 2051 adolescentiae,
507 1994 571 2036 cum
583 1974 621 2035 ob
632 1976 767 2037 rniestum
779 1941 1110 2052 matrimoniumpatrem
1168 1991 1175 2028 f

1 2108 3 2122 ,
105 2079 187 2120 suurn
216 2061 275 2120 ruri
302 2077 393 2136 agere
423 2059 592 2136 longissime
625 2063 814 2139 cognovisset
842 2061 922 2102 *l*
953 2067 1109 2119 revocatus

9 2173 22 2182 ν
44 2180 61 2224 3
105 2143 226 2204 Athenis
244 2161 261 2203 a
277 2141 395 2202 Nerone
411 2144 582 2223 cohortique
603 2147 760 2206 amicornm
780 2145 893 2205 additus
913 2153 1000 2222 atque
1024 2143 1110 2203 etiam

106 2237 261 2306 quaestura
277 2227 450 2305 honoratus,
465 2245 523 2287 non
542 2237 637 2288 tamen
652 2230 809 2308 permansit
829 2229 858 2288 in
881 2230 983 2306 gratia.
1014 2227 1109 2306 Siqui-

105 2312 171 2372 dem
194 2329 284 2389 aegre
306 2310 422 2386 lereus‚
444 2313 584 2372 recitante
607 2331 641 2372 se
659 2314 754 2373 subito
770 2331 805 2374 nc
820 2311 899 2372 nulla
914 2312 968 2371 nisi
985 2311 1109 2388 reirige·

1 2455 2 2474 2
69 2415 94 2456 ιι
105 2396 187 2456 randi
206 2397 249 2455 sui
262 2411 350 2455 causa
362 2394 470 2455 indicto
483 2406 585 2457 senatu
595 2399 775 2472 recessisse,
788 2414 885 2474 neque
896 2394 994 2455 verbis
1007 2395 1109 2454 adver·

104 2498 155 2539 sus
174 2481 335 2558 principem
351 2497 446 2557 neque
462 2479 547 2540 iactis
568 2481 731 2541 extantibus
753 2489 821 2560 post
836 2481 910 2540 haec
925 2479 1108 2556 temperarit,

104 2564 180 2624 adeo
202 2573 233 2624 ut
254 2563 428 2663 quondam
418 2581 447 2623 ιιι
470 2563 580 2624 latrinis
604 2564 729 2643 puhlicis
753 2565 878 2625 clariore
900 2581 963 2622 cum
985 2562 1109 2639 strepitu

101 2646 214 2708 ventris
229 2650 327 2707 emissi
320 2647 551 2708 hemistichium
566 2646 692 2709 Neronia
705 2665 808 2728 magna
821 2663 1027 2708 consessorum
1039 2645 1108 2722 iuga
1206 2703 1207 2708 ,

104 2731 308 2810 pronuntiarit:
1207 2728 1208 2731 ’

68 2831 95 2874 so
259 2819 317 2878 Sub
334 2823 416 2876 terres
430 2824 548 2876 tortuosa
558 2828 648 2893 putes.
1174 2875 1176 2881 .
1205 2887 1206 2890 Ἴ

61 2899 163 2959 Sed
181 2907 209 2958 et
226 2899 339 2959 famoso
356 2902 481 2960 carmine
503 2919 567 2960 cum
589 2903 682 2979 ipsum
697 2910 755 2960 tunt
768 2899 985 2978 poteolissimos
1001 2900 1108 2960 arnico·
1203 2953 1205 2972 2

21 3025 25 3034 .
101 3000 164 3042 rum
180 2986 352 3060 gravissime
370 2984 520 3084 proscidit.
565 2984 612 3044 hu
631 2994 900 3063 extremumpacne
920 2984 1043 3062 signiler
1064 2981 1142 3042 Pi·

102 3067 241 3127 sonianae
270 3064 473 3129 coniurationis
500 3069 611 3143 extitit,
634 3070 771 3129 multus
762 3087 791 3127 ιιι
806 3068 900 3146 gloria
916 3066 1108 3144 tyrannicida·

84 3169 164 3210 rum
179 3151 274 3228 palam
288 3151 483 3229 praedicanda
498 3169 534 3212 ac
549 3153 653 3232 plenus
672 3154 810 3213 minarum
819 3170 937 3230 ‚usqne
954 3168 990 3212 eo
1006 3153 1107 3210 intem·
1166 3194 1170 3199 -
1198 3167 1199 3226 j

64 3255 91 3297 et
104 3251 211 3312 perans
233 3245 263 3294 ut
279 3233 415 3296 Caesaris
439 3245 525 3314 caput
549 3238 682 3316 proximo
697 3236 810 3315 cuique
826 3238 959 3297 iactaret.
998 3234 1108 3294 Verum

102 3318 220 3379 detecta
249 3321 447 3381 coniuratione
476 3337 659 3401 nequaquam
687 3338 786 3399 parem
809 3321 893 3380 animi
918 3320 1108 3398 constantium

101 3403 262 3480 praestitit3
283 3403 370 3465 iacile
395 3405 470 3464 enim
492 3403 647 3465 confessus
663 3414 693 3465 et
707 3405 743 3464 erl
762 3403 934 3466 humillimas
952 3402 1107 3464 devolutus

100 3503 210 3564 preces
225 3497 344 3547 matrem
362 3505 479 3567 quoque
494 3490 639 3549 innoxiam
651 3491 726 3550 inter
741 3489 840 3548 socios
852 3488 1020 3565 nominarit,
1039 3505 1094 3567 spe
1190 3525 1199 3548 ,ι
