2416 3876
116 202 178 268 300
393 213 423 263 c.
447 211 611 262 sunnonn
632 211 845 270 nunnamnm

115 389 183 432 rans
205 372 380 450 impietatem
402 368 457 429 sibi
473 367 548 447 apud
564 366 737 446 parricidam
750 367 911 444 principem
931 363 1128 442 prolaturam.

116 456 273 534 Impetrato
293 463 387 515 autem
408 455 509 514 mortis
530 451 650 512 arbitrio
671 449 766 509 libero
790 448 943 510 codicillos
959 447 994 508 ad
1012 457 1130 524 patrem

118 539 298 618 corrigendis
323 538 493 618 quibusdam
515 535 650 596 versibus
672 536 731 594 suis
753 536 897 611 exaravit,
927 530 1128 609 epulatusque

116 625 238 702 largiter
263 623 381 682 brachia
401 623 437 682 ad
460 620 602 681 secandas
624 637 716 680 renas
735 618 869 697 praebuit
890 617 1016 678 medico.
1046 615 1127 675 Poe·

116 718 190 768 mata
211 709 273 767 eins
297 709 382 767 etiam
407 705 540 784 praelegi
560 706 691 778 meminl‚
721 702 826 764 conlici
847 718 920 762 vero
937 719 973 761 ac
995 700 1156 779 proponis

115 791 228 852 venalia
245 807 303 850 non
315 800 424 852 tanturn
439 807 569 868 operose
586 799 615 848 et
630 789 788 866 diligenter
801 787 852 846 scd
876 789 975 863 inepte
992 802 1126 863 quoque.

116 875 207 936 Hono
220 875 315 936 oitom
332 875 418 936 initio
430 873 578 950 naculum,
594 890 676 954 quoe
689 879 720 932 sn
733 871 889 932 nonnullis
899 867 1022 932 utram
1031 867 1130 929 libris

115 967 242 1038 reperta
253 966 283 1020 ct
294 958 335 1019 ab
349 955 521 1020 Omnibono
533 972 563 1018 o.
579 966 658 1018 1475
671 957 755 1018 aditu
770 962 826 1032 ast,
836 956 959 1035 primos
969 951 1129 1031 Iosephus

114 1043 257 1123 Scolipcr
273 1043 414 1104 Suetonii
427 1057 496 1102 esse
510 1040 670 1101 iudicavit.
692 1093 693 1096 ,

183 1141 350 1192 luvenalis
365 1142 443 1191 vitam
457 1140 620 1191 omittendam
633 1141 761 1199 duximus,
775 1154 832 1189 cum
845 1154 877 1189 ue
889 1138 1004 1205 potuisse
1017 1136 1124 1201 quidem
1139 1142 1167 1184 ta

115 1209 277 1274 Tranquillus
291 1224 337 1274 per
352 1217 460 1259 aetatem
470 1209 589 1259 videatur
599 1211 631 1260 de
643 1223 673 1260 eo
685 1217 761 1274 poeta
772 1223 857 1275 ogere.

182 1279 219 1328 De
245 1278 386 1328 illustribus
404 1277 588 1327 Historicis
613 1277 781 1341 Hieronymus
805 1293 820 1327 o
845 1275 966 1328 Suetonio
992 1274 1124 1340 excerpsit

113 1345 176 1396 haec
187 1345 241 1396 iere
250 1361 265 1396 r,

178 1425 332 1488 Cornelius
344 1426 446 1506 Nepos
461 1432 589 1508 scriptor
601 1429 756 1490 historicus
771 1429 866 1490 cla-rus
878 1426 1001 1488 habetur
1009 1444 1039 1487 o.
1051 1434 1124 1486 715.

178 1513 331 1572 Sallustius
350 1510 471 1592 Crispus
487 1517 615 1594 scriptor
629 1515 783 1574 historicus
800 1515 827 1573 in
844 1513 960 1573 Sabinis
978 1511 1122 1571 Amiterni
1138 1533 1168 1574 15

112 1598 241 1655 nascitur
266 1613 296 1656 o.
320 1605 389 1658 668.
413 1604 470 1660 669
490 1643 496 1656 .
516 1643 522 1657 .
542 1644 549 1658 .
573 1598 727 1659 Sallustius
750 1598 825 1658 diem
841 1596 915 1657 obiit
931 1595 1123 1676 quadriennio

113 1688 180 1738 ante
195 1678 346 1739 Actiacum
363 1680 473 1740 bellurn
486 1699 515 1742 o.
535 1689 598 1742 719.

176 1761 302 1824 Messala
327 1761 470 1824 Corvinus
494 1775 592 1829 orator
605 1766 732 1824 nascitur
756 1775 786 1824 et
807 1764 840 1823 Τ.
857 1764 952 1824 Livius
966 1763 1124 1824 Patavinus

113 1849 240 1925 scriptor
261 1847 417 1908 historicus
438 1865 467 1907 a.
492 1855 650 1910 nott-697
667 1892 674 1906 .
693 1892 725 1908 ..
757 1847 789 1908 Τ.
812 1847 909 1908 Livius
928 1847 1122 1926 historiogra-

112 1929 186 2008 phus
201 1930 309 1991 Patavii
326 1935 444 1993 moritur
460 1949 490 1993 u.
503 1939 569 1994 tto.
1134 1953 1165 1994 ²⁰

176 2013 344 2076 Fenestella
371 2016 553 2077 historiarum
577 2016 704 2093 scriptor
726 2027 754 2076 et
778 2017 933 2077 carminum
961 2024 1121 2093 septuage-

111 2099 185 2159 simo
201 2117 275 2158 anno
291 2102 410 2160 moritur
426 2099 628 2180 sepeliturque
643 2097 740 2162 Gumis
761 2118 791 2162 o.
816 2107 884 2160 772.

177 2199 212 2272 Q.
230 2195 375 2260 Asconius
396 2201 539 2262 Pedianus
560 2202 687 2279 scriptor
698 2201 853 2262 historicus
871 2200 968 2260 clarus
984 2199 1121 2276 liabetur,

113 2285 162 2363 qui
183 2286 400 2362 septuagesimo
421 2288 507 2346 tertio
529 2287 633 2347 aetatis
656 2304 726 2346 suae
747 2303 822 2346 anno
842 2293 945 2362 captus
966 2284 1121 2346 luminibus

112 2367 265 2428 duodecim
280 2377 384 2446 postea
400 2371 470 2430 vixit
483 2386 573 2430 annos
588 2372 617 2428 in
632 2386 742 2432 summo
766 2369 878 2432 honore
903 2370 1027 2428 omnium
1049 2386 1121 2428 coa·
1133 2391 1164 2432 os

113 2470 273 2513 senescens
290 2469 319 2513 a.
338 2461 406 2514 828.
422 2462 488 2515 829.

177 2553 285 2612 Plinius
299 2554 450 2614 Secundus
472 2553 705 2614 Novocomensis
728 2563 829 2615 orator
853 2563 882 2616 et
900 2553 1056 2614 historicus
1077 2553 1120 2609 in·

112 2637 203 2714 signis
218 2636 351 2713 habetur,
368 2640 450 2698 cuins
464 2639 584 2716 plurima
599 2639 707 2714 ingenii
718 2647 931 2715 operaextant.
955 2636 1120 2698 Periitdum

110 2721 178 2779 visit
192 2718 349 2780 Vesuvium
373 2740 403 2782 o.
426 2730 632 2783 860—862.
661 2768 669 2784 .
694 2766 701 2780 .
723 2723 789 2782 vna
812 2721 893 2782 Plinii
918 2737 955 2780 sn
981 2720 1119 2796 catalogo

32 2848 34 2853 .
110 2803 246 2863 Virorum
261 2804 412 2865 illustrium
425 2805 593 2883 Tranquilli.
626 2806 732 2866 Plinius
745 2806 897 2866 Secundus
913 2804 1117 2872 Novocomen-
1128 2826 1160 2868 sc

15 2959 18 2965 Ι
111 2888 152 2946 sis
175 2889 361 2965 equestribus
380 2890 488 2949 militiis
511 2891 650 2950 industrie
665 2891 780 2951 iunctus
802 2889 1024 2970 procurationes
1045 2905 1119 2964 quo·

111 2988 168 3049 qne
196 2971 445 3048 splendidissimas
473 2983 502 3032 st
529 2975 679 3035 continuas
705 2993 813 3034 summa
839 2974 1004 3050 integritate
1029 2972 1118 3031 admi-

111 3055 258 3130 nistravit,
282 3065 312 3115 et
336 3066 432 3117 tamen
455 3057 624 3117 liberalibus
647 3059 749 3118 studiis
767 3067 1010 3135 tantamoperam
1025 3055 1118 3130 dedit,

113 3147 144 3197 ut
172 3157 229 3199 non
248 3149 359 3200 temere
385 3144 449 3220 quis
476 3141 558 3220 plura
582 3144 610 3201 in
632 3143 691 3200 otio
719 3143 881 3219 scripserit.
916 3141 1016 3217 ltaque
1039 3139 1118 3200 balla

112 3225 221 3296 omnia,
239 3241 313 3301 quae
338 3243 461 3305 unquam
485 3245 549 3286 cum
575 3225 723 3287 Germanis
743 3233 925 3302 gemescat,
951 3222 1015 3284 XX.
1032 3223 1156 3288 volu-ss

110 3307 232 3366 minibus
256 3309 490 3386 comprehendit,
511 3313 638 3390 itemque
655 3310 946 3370 naturalislristoriae
967 3305 1114 3366 XXXVll.

111 3387 201 3448 libros
228 3389 364 3451 absolvit.
408 3392 499 3453 Periit
519 3393 602 3453 clade
625 3391 815 3472 Campaniam
851 3411 915 3454 cum
937 3391 1011 3454 enim
1028 3389 1115 3451 diiss-

108 3473 192 3530 aensi
216 3472 303 3532 classi
332 3485 492 3558 praeesset
507 3484 536 3535 et
553 3475 695 3554 llagrante
714 3475 845 3538 Vesubio
860 3476 896 3538 ad
918 3474 1115 3554 explorandas
