2412 3876
149 200 192 260 42
236 211 267 260 o.
284 208 435 260 sunnour
447 207 576 268 11111.
591 208 639 255 nn
651 195 736 256 1111
751 207 937 257 cunsnuuu
949 207 1019 257 ure.
1032 208 1070 256 11.

150 385 205 428 nae
224 367 374 446 provincia
393 383 410 426 a
426 362 553 425 Caesare
571 361 637 423 data
654 371 684 422 et
698 380 753 442 per
771 371 902 424 senatum
917 363 1089 450 confirmata
1107 382 1162 425 ex·

149 451 264 532 pellere
276 451 362 511 armis
374 450 524 508 niteretur.
553 445 743 508 Hortantiltus
758 449 856 528 itaque
875 447 1021 517 nonnullis
1033 465 1159 527 percus-
1200 451 1201 454 ’

149 553 233 595 sores
246 536 273 594 ei
285 532 469 609 subornavit,
488 549 523 592 ac
532 530 634 592 fraude
646 529 831 610 deprehensa
845 531 1005 610 periculum
1017 532 1046 590 in
1060 534 1160 592 vicem

148 628 280 679 metuens
300 626 457 677 ueteranos
473 615 555 675 simul
574 618 602 675 in
624 632 704 675 suurn
726 633 761 676 ac
781 617 824 676 rei
845 633 875 694 p.
898 615 1032 676 auxilium
1049 627 1159 694 quanta

149 703 243 784 potuit
265 703 421 778 largitione
445 702 605 769 contraxit;
638 702 789 778 iussusque
815 708 983 778 comparato
1013 703 1180 762 exercituia

148 804 204 868 pro
223 795 362 866 praetore
379 802 520 864 praeesse
543 793 572 843 et
594 801 657 843 curn
670 782 763 844 Hirtio
779 802 813 845 ac
831 783 939 860 Pansa,
956 785 1005 863 qui
1021 785 1159 845 consula·
1200 791 1202 824 l

147 883 207 932 tum
226 877 431 948 susceperant,
448 867 484 928 D.
502 867 590 928 Bruto
610 885 698 947 opem
715 867 810 945 ferre,
829 866 1028 927 demandatum
1046 867 1159 929 bellurn
1195 825 1202 960 1

147 956 236 1016 tertio
254 972 355 1014 rnense
375 953 502 1013 coniecit
524 950 636 1012 duobus
658 951 790 1030 proeliis.
824 951 926 1012 Priore
945 950 1090 1012 Antonius
1113 953 1157 1012 lu·
1200 965 1202 994 ²

148 1042 229 1117 gisae
249 1055 313 1098 eum
331 1037 433 1097 scribit
445 1055 479 1096 ac
497 1037 560 1096 sine
576 1035 781 1114 paludamento
801 1053 935 1115 equoque
955 1044 1022 1114 post
1038 1035 1156 1096 biduum
1199 995 1202 1092 l

147 1123 261 1182 demum
285 1123 472 1200 apparuisse,
496 1120 630 1198 sequenti
648 1121 718 1180 satis
743 1129 857 1181 constat
876 1137 934 1180 non
951 1118 1038 1180 ruodo
1057 1119 1189 1198 ducis,1c

147 1205 200 1267 sed
219 1208 305 1265 etiarn
315 1204 412 1264 militis
422 1205 551 1264 *iunctum
567 1221 685 1264 munere
698 1212 784 1282 atque
801 1205 829 1263 in
847 1203 942 1265 media
957 1203 1153 1282 dimicatione,

148 1289 300 1370 aquilifero
316 1288 442 1366 legionis
457 1305 527 1348 suae
542 1289 673 1366 grauiter
690 1290 805 1365 saucio,
826 1288 949 1367 aquilam
964 1291 1070 1348 umeris
1086 1289 1153 1348 suh·
1192 1355 1196 1370 ι

106 1381 138 1432 11
147 1377 205 1434 isse
218 1372 322 1452 diuque
331 1380 475 1451 portasse.
493 1371 557 1433 lloc
569 1371 648 1437 bello
661 1371 837 1433 cumHirtius
851 1374 880 1432 in
892 1374 963 1450 acie,
976 1370 1069 1432 Pansa
1084 1391 1154 1452 pau·

147 1459 176 1518 lo
195 1466 262 1536 post
283 1473 321 1516 ex
333 1455 454 1518 uolnere
467 1457 626 1534 perissent,
651 1474 749 1516 runror
765 1455 921 1517 increbruit
940 1455 1040 1517 ambos
1060 1473 1155 1536 opera

148 1544 210 1602 eius
239 1543 375 1618 occisos,
401 1549 430 1601 11
449 1539 576 1601 Antonio
601 1541 717 1618 iugato,
746 1559 779 1600 re
801 1558 831 1619 p.
858 1539 1024 1602 consulibus
1048 1541 1188 1606 orbatura

148 1626 227 1686 solus
245 1627 376 1688 victores
391 1627 538 1685 exercitus
558 1633 727 1703 occuparet.
756 1623 868 1684 Pansae
884 1624 999 1704 quidem
1013 1625 1088 1686 adeo
1106 1644 1154 1686 su·

148 1719 252 1789 specta
265 1727 343 1772 mors
358 1709 428 1786 luit,
447 1718 478 1769 ut
496 1709 588 1784 Glyco
605 1707 734 1782 prodicus
751 1707 911 1769 custoditus
927 1711 978 1786 sit,
1001 1712 1083 1789 quasi
1101 1728 1153 1769 ve·

147 1811 251 1854 nenuur
274 1793 387 1854 vulneri
407 1792 566 1853 indidisset.
603 1791 701 1853 Adicit
725 1791 770 1853 his
791 1793 923 1872 Aquilius
944 1792 1053 1872 Niger,
1080 1794 1153 1854 alte·

146 1897 208 1939 rum
232 1897 249 1937 e
275 1877 443 1938 consulibus
467 1877 588 1936 Hirtium
606 1879 634 1937 in
652 1895 768 1956 pugnae
788 1876 907 1938 tumultu
923 1877 1041 1956 abipso
1061 1879 1152 1938 inter·

106 1979 138 2034 11
147 1970 281 2041 emptum.
313 1960 373 2021 Sed
387 1961 417 2021 ut
429 1962 568 2038 cognovit
582 1959 737 2020 Antonium
751 1969 820 2040 post
833 1960 932 2038 lugam
950 1961 1017 2023 all.
1036 1962 1151 2042 Lepido
1161 1987 1188 2029 uo

145 2054 298 2123 receptum
319 2054 494 2124 ceterosque
513 2043 602 2104 duces
619 2054 648 2105 et
670 2047 816 2106 exercitus
832 2049 997 2106 consentire
1013 2063 1067 2126 pro
1084 2065 1152 2126 par-

147 2128 240 2204 tibus,
257 2146 373 2188 causam
387 2131 564 2207 optimatium
579 2131 641 2189 sine
656 2131 839 2190 cunctatione
855 2128 998 2207 deseruit,
1015 2130 1051 2191 ad
1063 2149 1151 2210 prae·
1201 2191 1202 2194 ,

146 2221 255 2272 textum
267 2221 393 2272 mutatae
405 2211 560 2274 voluntatis
573 2212 649 2274 dicta
661 2213 795 2293 iactaque
807 2214 984 2293 quorundam
997 2215 1151 2276 calumnia·
1200 2205 1202 2310 l

146 2306 209 2372 tus,
226 2297 308 2375 quasi
321 2295 370 2356 alii
384 2313 416 2355 se
433 2313 567 2375 puerum,
584 2297 632 2356 alii
647 2297 804 2358 ornandum
820 2297 1035 2378 tollendumque
1044 2301 1152 2360 iactas·
1201 2311 1202 2322 ¹

146 2388 227 2457 sent,
243 2399 279 2440 ne
295 2390 342 2441 aut
358 2379 412 2441 sibi
428 2388 475 2440 aut
489 2383 636 2442 veteranis
657 2399 711 2460 par
725 2383 820 2459 gratia
834 2382 1005 2444 referretur.
1036 2381 1075 2443 Et
1091 2401 1152 2462 quo
1162 2407 1188 2449 11

101 2491 116 2530 f
144 2467 238 2542 magis
271 2467 477 2544 paenitentiam
508 2467 614 2543 prioris
649 2475 749 2527 sectae
778 2465 972 2546 approbaret,
1007 2467 1153 2530 Nursinos

145 2548 248 2626 grandi
262 2551 386 2628 pecunia
400 2557 431 2608 et
444 2565 528 2627 quam
545 2549 674 2628 pendere
689 2551 842 2631 nequirent
862 2551 997 2612 multatos
1013 2561 1152 2613 extorres

146 2633 255 2710 oppido
272 2635 343 2710 egit,
357 2631 667 2713 quodllutinensiaoie
679 2635 916 2714 interemptorum
927 2637 1151 2698 civiumtunrulo

145 2714 264 2794 publice
283 2725 416 2776 extructo
432 2717 644 2796 ascripserant,
660 2736 714 2797 pro
736 2717 871 2780 libertate
892 2736 946 2780 eos
962 2719 1149 2781 occubuisse.

104 2821 139 2875 13
209 2798 282 2859 lnita
297 2817 360 2858 curn
374 2799 502 2860 Antonio
518 2810 548 2861 et
560 2801 671 2881 Lepido
692 2804 852 2881 societate,
872 2802 1061 2884 Philippense
1076 2822 1149 2884 quo·
1159 2832 1193 2882 sq

146 2901 203 2962 que
221 2881 344 2962 bellurn,
367 2902 536 2964 quamquain
551 2887 692 2947 invalidus
708 2894 794 2966 atque
808 2905 916 2966 aeger,
937 2888 1045 2968 duplici
1061 2907 1150 2968 proe-

145 2965 184 3027 lio
205 2969 363 3046 uansegit,
392 2987 512 3048 quorum
533 2973 632 3048 priore
657 2973 761 3031 castris
784 2982 887 3032 exutus
914 2975 961 3034 vin
983 2973 1018 3034 ad
1040 2973 1151 3034 Antoni

145 3069 236 3111 cornu
257 3051 327 3129 luga
348 3062 496 3117 evaserat,
534 3053 598 3114 Nec
619 3073 787 3115 successum
816 3057 958 3116 victoriae
980 3056 1150 3118 moderatus

145 3143 205 3212 est,
221 3134 274 3196 sed
284 3138 388 3216 ,capite
402 3135 480 3197 Bruti
492 3137 613 3198 Romam
627 3141 730 3217 misso,
751 3149 782 3199 ut
802 3149 913 3200 statuae
929 3139 1065 3202 Caesaris
1081 3141 1149 3202 sub-

143 3222 286 3298 iceretur,
304 3222 333 3279 in
347 3220 608 3300 splendidissimum
620 3239 761 3303 quemque
777 3226 922 3302 captiuum
935 3241 993 3286 non
1005 3227 1068 3286 siue
1078 3243 1147 3286 uer·
1158 3241 1183 3284 cu

142 3302 244 3364 borum
264 3306 438 3366 contumelia
459 3308 576 3375 saeviit;
596 3314 627 3367 ut
657 3308 771 3386 quidem
790 3309 838 3368 uui
860 3309 1033 3388 suppliciter
1048 3310 1147 3390 sepul·

143 3395 234 3448 turam
255 3391 388 3468 precanti
415 3389 604 3469 respondisse
630 3390 755 3470 dicatun,
783 3393 847 3452 ium
866 3393 959 3454 istum
984 3394 1147 3456 uolucrum

140 3469 213 3546 fore
230 3479 436 3550 potestatem
458 3473 548 3552 alios,
569 3484 680 3553 patrem
698 3484 727 3535 et
747 3476 845 3554 filiunt,
862 3494 917 3557 pro
938 3479 998 3538 vita
1012 3480 1168 3555 rogantis·
1193 3497 1202 3560 'j
