2416 3876
104 205 167 268 296
377 213 407 262 c.
431 211 597 262 6666666
618 209 833 270 ammomum

169 369 201 432 G.
232 370 369 432 Valerius
392 368 522 430 Catullus
548 369 675 447 scriptor
696 367 804 443 lyricus
826 366 963 426 Veronae
985 367 1119 426 nascitur

106 473 138 516 a.
159 464 228 518 667.
244 463 304 517 668
322 500 330 516 .
347 499 354 513 .
374 499 382 514 .
402 452 533 514 Catullus
550 453 698 512 tricesimo
712 453 816 512 aetatis
829 469 899 512 suae
912 468 988 512 auno
1001 450 1117 512 Romae
1189 455 1194 464 “

104 542 224 600 mortum
241 557 271 600 a.
280 547 355 638 666.
369 529 439 600 'coa

168 623 273 683 Varius
295 633 324 683 et
345 623 460 698 lucca,
481 621 595 699 Virgilii
611 629 640 680 et
656 618 767 680 Horatii
785 618 1022 696 contubernales,
1039 637 1114 699 poe·

105 719 152 768 tae
169 707 310 768 habentur
325 707 465 783 illustres,
482 708 530 784 qui
546 705 696 766 Aeneidos
712 713 816 784 postea
833 703 924 765 libros
936 704 1142 770 emendare-e

103 802 169 853 runt
185 793 239 851 sub
256 809 291 852 ea
308 791 376 870 lege
391 801 422 852 ut
437 790 506 851 nihil
523 790 665 850 adderent
680 805 709 849 6.
729 797 795 850 737.

168 876 309 954 Virgilius
335 875 416 936 11666
439 878 467 934 16
487 891 564 954 pago
581 875 629 953 qui
645 873 744 934 Andes
760 873 863 934 dicitur
882 872 958 934 haud
974 872 1114 952 procula
1201 940 1204 952 Ι

102 959 218 1021 Hantua
242 963 371 1022 nascitur
392 959 531 1038 Pompeio
554 968 583 1019 et
600 955 1113 1019 (1666666666.111166606161661666

104 1063 134 1105 o.
156 1053 225 1107 684.
254 1091 260 1104 .
289 1088 297 1102 .
327 1090 334 1103 .
359 1044 497 1123 Virgilius
521 1041 683 1104 Cremonae
704 1044 806 1104 studiis
830 1043 959 1104 eruditur
986 1059 1017 1102 6.
1041 1049 1111 1104 636.

105 1137 185 1191 667.
207 1128 396 1206 ..Virgilius
416 1137 529 1207 sumpta
548 1137 618 1206 toga
639 1125 833 1188 Mediolanum
857 1127 1069 1206 transgreditur
1085 1136 1153 1192 etro
1173 1192 1174 1196 ,

103 1222 170 1294 post
186 1211 278 1272 breve
295 1222 410 1290 tempus
426 1212 545 1272 Romam
560 1213 657 1291 pergit
673 1229 704 1271 a.
722 1219 785 1272 761.
805 1219 862 1273 762
878 1255 886 1270 .
905 1255 911 1270 .
931 1256 939 1270 .
955 1210 1113 1285 Quintilius

104 1295 311 1356 Cremonensis
334 1295 449 1374 Virgilii
471 1306 501 1356 et
515 1295 626 1355 Horatii
648 1296 757 1356 amicus
779 1297 899 1356 moritur
919 1315 950 1357 6.
968 1305 1035 1358 736.
1055 1304 1114 1356 737

104 1379 320 1458 ...Virgilius
342 1379 496 1441 Brundusii
518 1381 638 1440 moritur
662 1379 762 1439 Sentio
778 1381 931 1440 Saturnino
954 1391 982 1441 et
1003 1379 1114 1440 anre·

102 1467 144 1525 tio
158 1463 247 1524 Cinna
268 1481 349 1524 cons.
373 1462 448 1524 Ossa
470 1465 531 1525 eius
553 1463 710 1542 Neapolim
730 1464 868 1525 translata
883 1465 911 1524 in
927 1465 1057 1525 secundo
1075 1463 1113 1525 616

104 1550 175 1610 urbe
196 1549 319 1608 miliario
344 1549 542 1627 sepeliuntur,
568 1548 649 1608 titulo
678 1547 762 1609 huius
784 1549 861 1608 modi
884 1565 970 1628 supra
986 1550 1156 1628 scripto,15

103 1653 188 1712 quem
205 1635 270 1710 1666
287 1635 420 1693 66661666
430 1633 606 1693 dictaverat:

188 1715 303 1778 Mantua
328 1737 374 1777 me
394 1719 510 1796 genuit,
537 1715 653 1778 Calabri
677 1735 821 1795 rapuere,
851 1725 931 1778 tenet
945 1735 1021 1777 nunc

232 1801 430 1879 Parthenopc;
454 1803 548 1861 cecini
563 1817 688 1880 pascua,
705 1819 789 1876 rura,
799 1801 898 1861 duces.
915 1818 945 1864 6.
964 1809 1031 1863 735.

171 1885 346 1951 vergilianam
366 1889 458 1948 vitant,
479 1900 543 1950 quae
555 1885 646 1936 Donati
657 1886 860 1936 commentatoris
873 1901 930 1938 esse
943 1895 968 1938 et
979 1886 1060 1936 lentur
1072 1888 1111 1952 (r.

101 1953 258 2004 Glossarium
279 1956 446 2006 isidorianum
466 1970 487 2006 6.
507 1971 530 2005 v.
551 1953 698 2019 1666616116)
718 1963 743 2004 et
759 1969 819 2004 vere
835 1969 893 2005 esse
911 1956 1026 2016 videtur,
1052 1954 1153 2008 1166126
1205 1953 1207 1986 l

102 2023 172 2072 multi
193 2023 341 2086 Tranquillo
359 2025 524 2089 vindicarint,
550 2023 592 2074 hic
606 2023 702 2074 6616666
719 2024 776 2075 ausi
794 2037 844 2074 uon
871 2039 967 2074 snmus.
993 2022 1113 2075 Ceterum

102 2091 209 2158 plurima
226 2091 375 2141 Suetoniani
387 2094 485 2158 ingenii
497 2094 607 2158 vestigia
617 2107 744 2160 agnoscas
755 2093 782 2142 in
793 2105 823 2142 eo
836 2093 953 2160 exemplo
965 2093 1020 2143 eius
1031 2092 1113 2153 vitae,

101 2158 170 2222 quod
185 2160 296 2209 omnium
311 2161 515 2223 antiquissimum
530 2178 543 2211 e
557 2161 642 2211 codice
655 2161 714 2211 olim
729 2161 890 2224 Floriaeensi,
906 2176 973 2212 nunc
986 2161 1113 2213 Berneusi
1202 2185 1206 2192 ·

102 2227 153 2277 172
166 2227 246 2276 edidit
259 2227 287 2276 P.
303 2228 394 2279 Daniel
408 2237 432 2280 et
448 2245 530 2296 nuper
543 2229 746 2296 (Rudolphopoli
757 2228 836 2296 1847)
850 2230 877 2282 G.
891 2229 919 2281 G.
930 2229 1028 2280 Hirller.

167 2309 322 2372 Cornelius
337 2312 437 2373 Gallus
453 2313 664 2375 Foroiuliensis
680 2323 786 2394 poeta,
808 2332 824 2374 a
841 2332 900 2394 quo
916 2313 1152 2394 6616666666
1202 2309 1206 2332 ⁴

99 2407 220 2474 gyptum
241 2407 351 2456 rectam
373 2416 461 2478 66666
483 2397 622 2475 diximus,
642 2397 874 2477 quadragesimo·
897 2400 983 2460 tertio
1007 2400 1113 2459 aetatis
1205 2471 1206 2478 ¹

100 2499 172 2541 suae
195 2498 269 2541 anno
293 2484 412 2562 propria
434 2501 467 2541 66
489 2501 572 2543 manu
591 2483 728 2543 interlicit
748 2499 778 2543 6.
803 2489 870 2544 727.
888 2491 945 2544 728
965 2527 973 2540 .
991 2527 998 2542 .
1017 2526 1025 2540 .
1041 2481 1112 2543 Ae·
1178 2495 1190 2529 ⁴

100 2575 209 2643 gyptus
226 2566 256 2624 lit
272 2565 400 2626 Romana
419 2567 587 2644 provincia,
611 2584 695 2644 quam
715 2569 823 2646 primus
839 2569 931 2627 tenuit
948 2565 980 2627 G.
998 2565 1112 2628 Corne·

101 2647 157 2707 lius
175 2649 290 2725 Gallos,
307 2651 343 2710 de
361 2668 419 2730 quo
434 2650 573 2728 Virgilius
591 2651 692 2710 scribit
708 2652 736 2710 16
747 2651 895 2712 Β66611616
912 2668 941 2712 6.
956 2658 1023 2714 726.
1038 2659 1110 2714 726.
1192 2679 1205 2724 5

89 2797 92 2806 ‚
164 2732 299 2792 Horatius
314 2732 440 2794 Flaccus
456 2735 590 2794 satiricus
604 2744 632 2794 et
646 2735 755 2810 lyricus
768 2745 856 2816 poeta
873 2734 1009 2796 libertino
1024 2745 1155 2815 petreae

99 2817 220 2876 Venusii
230 2822 396 2883 nascitura,
407 2825 569 2880 687-689
584 2864 591 2878 .
607 2864 615 2878 .
631 2863 639 2878 .
655 2818 790 2882 Horatius
806 2821 1045 2899 quinquagesimo
1059 2839 1110 2881 se·
1199 2817 1205 2850 r

99 2903 189 2978 ptimo
202 2904 306 2960 aetatis
318 2921 389 2962 suae
402 2902 595 2964 annollomae
607 2906 765 2966 morituro.
775 2913 849 2966 744.
860 2951 867 2966 .
878 2950 884 2964 .
895 2904 1111 2965 StatueratHo·

98 2988 187 3045 ratius
204 2985 238 3045 ad
258 2987 377 3052 tertium·
389 3003 482 3068 usque
499 2986 602 3048 librum
619 2988 769 3067 complere
785 3004 859 3066 opus
875 2989 1040 3066 carminum,
1058 3007 1112 3049 ve·
1203 3019 1205 3030 0

66 3122 76 3134 ,
98 3087 158 3127 rum
176 3069 266 3128 trihus
283 3070 365 3130 libris
383 3073 437 3131 iam
456 3071 541 3132 editis
557 3089 596 3132 ex
612 3075 736 3133 maximo
757 3073 912 3133 intervallo
929 3072 1004 3133 luunc
1023 3091 1111 3153 quar·

7 3191 9 3198 .
97 3163 153 3211 tum
171 3155 304 3214 scribere
321 3157 489 3234 compulsus
506 3165 551 3215 est
567 3155 603 3216 ab
618 3156 769 3236 Augusto,
797 3166 829 3216 ut
844 3157 936 3218 refert
951 3159 1151 3218 Suetoniusta

96 3238 122 3294 in
147 3240 202 3296 vita
226 3237 353 3313 Horatii,
379 3241 406 3299 in
428 3240 542 3300 laudern
564 3241 690 3321 privigni
712 3243 756 3302 sui
776 3241 864 3304 Drusi
885 3239 1032 3320 Neronis,
1059 3245 1111 3322 qui

97 3322 191 3378 victor
220 3323 255 3380 de
287 3321 389 3383 Raetis
410 3323 571 3385 Vindelicis
591 3325 686 3402 luerat
713 3343 861 3386 reversus.
909 3325 1039 3388 Scholia
1065 3327 1113 3388 od
1198 3325 1203 3330 ’

98 3399 206 3498 litarat.
226 3422 321 3463 66666.
340 3415 370 3480 d,
386 3415 413 3482 1,
432 3417 457 3466 1.
474 3407 608 3486 Apparet
627 3408 703 3469 hunc
718 3410 836 3470 librum.
855 3453 863 3469 .
879 3454 886 3468 .
905 3410 1019 3471 hortatu
1033 3408 1109 3472 Gae-
1201 3413 1203 3434 ¹

97 3498 169 3538 sarra
192 3489 331 3562 scripturn
353 3506 439 3566 esse,
468 3492 549 3549 cuius
571 3493 615 3550 rei
637 3495 723 3553 etlam
751 3494 907 3567 Suetonius
930 3502 1033 3555 auctor
1053 3505 1109 3556 est.
