2412 3876
184 213 258 262 xon
428 178 434 190 ’
525 215 733 264 enarrarre.

29 361 182 459 bema.
253 371 1101 431 liulocaaulsidoroexuratosivelibrisrratorurn

192 455 345 526 Tranquilli
367 462 499 529 excerpta
522 459 667 528 egregium
684 475 771 530 nuper
797 457 951 515 subsidium
975 460 1099 514 accessit

192 539 320 597 sollertia
342 537 492 596 Gustavi
515 541 656 596 Becker
677 543 863 611 Ltibeceasis,
884 541 928 597 cui
952 541 1044 597 libelli
1059 542 1100 596 de

190 624 292 680 Natura
308 639 401 678 rerum
421 623 536 678 debetur
552 624 638 680 editio
660 641 715 681 non
735 625 818 681 modo
839 625 867 679 iu
885 624 980 679 verbis
1002 641 1097 680 eureu-

191 707 283 764 datior
298 722 378 777 quam
393 705 561 762 Arevaliana
576 707 644 778 luit,
670 708 763 764 sedin
782 706 995 764 auctoritatibus
1012 708 1098 764 etiam

190 789 360 860 colligendis
375 789 459 844 multo
475 789 645 860 diligentior.
690 791 716 847 ls
733 791 818 860 igitur
834 807 889 847 non
911 791 981 846 satis
998 791 1098 847 habuit

191 875 227 932 ad
238 873 401 931 Suetonium
415 872 522 928 referre
538 890 608 944 quae
622 874 747 930 Isidorus
764 873 921 930 nominatim
941 875 1007 930 inde
1022 881 1098 931 atlu-

190 959 239 1028 lit,
262 958 313 1014 sed
335 964 364 1012 et
379 972 449 1028 quae
473 957 599 1028 proxime
614 957 659 1012 vel
681 958 885 1029 praecederent
900 958 944 1012 vel
960 958 1093 1029 inseque-

190 1046 297 1112 rentur,
313 1048 343 1095 nt
356 1057 418 1111 cap.
429 1043 462 1098 37
479 1045 506 1092 et
521 1045 564 1108 38,
585 1041 649 1111 quin
666 1041 747 1096 etiam
761 1041 892 1097 nonnulla
910 1057 925 1096 a
938 1041 1094 1111 Tranquilli

190 1123 301 1180 nomine
317 1124 401 1193 longe
420 1127 537 1191 remota,
553 1123 625 1176 sicut
641 1124 669 1178 in
690 1124 786 1195 primis
802 1140 853 1179 sex
873 1123 1028 1195 capitibus,
1053 1124 1098 1179 ei-

192 1208 254 1263 dem
281 1205 387 1262 auctori
415 1205 562 1260 tribuenda
592 1222 656 1260 esse
684 1207 753 1262 satis
777 1206 961 1278 probabiliter
987 1207 1094 1263 docuit.

191 1289 275 1346 Cuius
290 1287 538 1358 argumentationis
554 1305 656 1344 summa
670 1291 741 1345 baec
756 1295 814 1360 est,
829 1297 859 1344 ut
878 1296 961 1362 caput
975 1295 1020 1359 37,
1037 1305 1097 1360 quo

191 1372 265 1429 venti
283 1377 475 1427 enumerantur
495 1378 592 1440 quater
607 1373 697 1442 terni,
718 1379 804 1428 totum
822 1373 977 1444 eodemque
992 1373 1093 1429 ordine

189 1457 317 1512 versibus
337 1454 456 1511 leoninis
463 1449 499 1527 ⁸⁹)
516 1454 587 1511 inira
603 1472 630 1527 p.
646 1462 706 1525 305,
721 1461 754 1516 27
770 1456 861 1512 citetis
876 1457 980 1512 includi
996 1456 1095 1528 ibique

190 1539 350 1610 Tranquillo
371 1538 456 1594 tribui
480 1546 620 1607 moneret,
644 1546 700 1594 tum
721 1540 756 1595 de
782 1539 871 1610 siguis
898 1545 1093 1611 tempestatum

190 1640 250 1695 cap.
274 1629 309 1682 38
329 1621 464 1678 Varronis
493 1628 521 1677 ct
542 1623 647 1692 Nigidii
677 1623 858 1678 auctoritates
890 1623 1093 1679 reconditioris

189 1707 334 1763 doctrinae
351 1721 429 1776 quam
450 1721 501 1778 pro
522 1705 632 1761 lsidoro
654 1722 718 1762 esse
739 1706 952 1775 demonstraret,
968 1705 1091 1777 deniquo

190 1790 224 1845 ad
239 1790 328 1862 prima
340 1789 440 1860 capita,
462 1804 532 1858 quae
548 1795 612 1844 sunt
627 1790 662 1844 de
680 1789 779 1844 diebus
795 1794 823 1844 et
838 1787 979 1845 mensibus
998 1796 1027 1844 et
1041 1806 1093 1844 an-

189 1874 243 1942 nis,
260 1874 314 1929 duo
331 1871 457 1927 Suetonii
474 1871 590 1928 frustula
609 1889 635 1944 p.
653 1879 720 1942 305,
734 1877 769 1931 36
784 1878 812 1927 et
828 1878 896 1941 306,
913 1877 946 1931 18
959 1873 1090 1944 proxime

189 1956 325 2012 accedere
341 1956 464 2011 doceret.
509 1953 565 2010 Nos
581 1961 681 2024 tamen,
697 1961 726 2009 ut
741 1955 769 2008 iu
784 1971 815 2009 re
830 1971 884 2011 uou
902 1955 984 2027 plane
1002 1962 1093 2026 certa,

188 2039 259 2094 intra
287 2037 649 2108 manifestamnomineque
674 2038 776 2094 linitam
803 2038 995 2094 auctoritatem
1022 2054 1092 2094 con·

186 2122 340 2178 sistendum
356 2120 491 2188 duximus.

248 2205 350 2260 Collati
368 2203 403 2258 ad
429 2220 456 2275 p.
483 2209 550 2273 304,
576 2210 610 2272 18
635 2205 748 2260 codices
768 2205 794 2261 ll
815 2212 879 2261 sunt
901 2205 1091 2276 antiquissimi

189 2304 297 2357 omnes,
312 2285 484 2343 Basilienses
499 2292 567 2356 tres,
587 2289 743 2343 Beruenses
750 2283 785 2361 ⁹⁰)
803 2295 942 2360 quattuor,
956 2289 1091 2345 Bamber-

186 2387 289 2443 genses
302 2371 368 2441 duo,
381 2369 564 2425 Bruxellanus
581 2387 660 2440 unus,
676 2388 792 2442 quorum
807 2373 901 2427 titulos
916 2371 1091 2444 scripturae·

186 2472 239 2528 quo
255 2452 470 2526 discrepantiam
485 2453 628 2510 studiosus
646 2456 737 2511 lector
753 2455 825 2526 apud
835 2456 990 2510 Beckerum
1008 2455 1091 2512 inre-

252 2699 300 2764 89)
312 2701 380 2750 Addi
398 2701 478 2765 potuit
491 2701 539 2751 hoo
555 2715 663 2766 quoque,
682 2703 763 2752 videri
780 2702 818 2752 illi
834 2703 999 2753 versificatori
1011 2718 1088 2768 prae-

183 2777 222 2819 ter
236 2769 328 2819 librum
344 2768 376 2818 de
388 2768 483 2818 Natura
501 2785 585 2820 rerum
603 2771 636 2820 ad
653 2785 743 2820 manus
761 2770 841 2821 luisse
858 2785 958 2822 carmen
974 2771 1005 2820 de
1018 2770 1088 2820 Ven-

183 2839 216 2888 tis
246 2836 310 2902 (cir.
339 2835 424 2901 Meyer
447 2836 550 2889 Authol.
573 2853 614 2888 uo.
640 2839 715 2890 1050.
748 2838 940 2892 Wernsdorlb
964 2854 990 2904 p.
1012 2838 1089 2902 523)

185 2906 254 2970 quod
268 2904 395 2954 Arevelus
413 2906 445 2954 ab
457 2905 572 2970 Eugenio
585 2907 719 2969 Toletano,
737 2907 781 2971 qui
798 2922 821 2957 a.
840 2907 891 2960 057
907 2917 1021 2958 mortuus
1037 2917 1088 2971 est,

184 2974 354 3039 conscriptum
372 2974 507 3034 existimat,
524 2975 715 3026 Werusdorflus
733 2975 772 3026 vel
785 2975 883 3026 Isidoro
901 2976 1028 3038 antiquius
1046 2977 1089 3025 iu-

184 3044 259 3094 dicat.
296 3041 330 3090 Aa
347 3042 391 3091 ille
404 3043 521 3092 carminis
540 3043 647 3108 scriptor
658 3043 777 3094 Suetonio
794 3043 863 3094 haud
878 3045 953 3094 dubie
963 3057 1025 3092 usae
1038 3051 1087 3100 est,

184 3125 242 3161 cum
259 3109 308 3159 tria
325 3117 458 3160 ventorum
472 3113 575 3161 uomina
594 3110 689 3162 Graeca
707 3113 777 3162 solue
796 3113 977 3171 subministret,
995 3111 1026 3160 ab
1039 3111 1088 3160 Iei-

184 3180 246 3229 doro
265 3186 289 3227 et
304 3179 444 3228 recentiore
459 3180 630 3231 versificatore
649 3179 753 3241 omissa,
773 3195 788 3229 a
805 3180 950 3245 Tranquillo
967 3193 1088 3228 neeessa-

184 3247 223 3298 rio
241 3248 333 3310 posita.
368 3246 431 3297 Cum
445 3246 564 3298 Suretonio
583 3249 645 3299 lacit
658 3257 792 3298 ventorum
808 3255 862 3298 rote
880 3251 906 3298 ia
925 3261 1013 3299 museo
1026 3245 1088 3296 Pio-

184 3315 341 3368 (tlementino
360 3329 509 3365 marmorea.

253 3382 300 3447 00)
332 3383 401 3444 Quos
427 3391 514 3435 nosne
545 3385 629 3450 gratia
658 3385 769 3450 inspexit
793 3387 932 3436 loannes
961 3381 1073 3431 Ziandc

183 3449 263 3504 Μ.
