2438 3872
101 227 180 298 '232
202 247 231 296 o.
250 245 401 295 suerent
413 246 541 307 resno.
557 247 605 293 nu
619 245 703 294 vrrs
720 246 905 294 cassanum
917 247 985 294 nra.
999 247 1073 293 vru.

80 411 116 465 14
184 402 365 472 Ollensarnm
382 402 646 482 inimicitiarumque
663 401 776 461 minime
796 419 908 462 memor
925 411 1116 482 executorue,

118 485 1116 564 Vitelliihostissuifiliamspendidissimemaritavitdotavitqueetiam
1208 475 1209 550 l

118 583 146 633 et
157 571 301 630 instruxit.
327 568 483 647 Trepidum
497 587 560 628 euru
575 569 729 630 interdicta
745 569 810 630 aula
826 569 879 629 sub
893 568 1012 630 Nerone
1028 589 1116 649 quae·
1208 567 1209 577 ’

117 663 297 732 rentemque,
315 652 447 732 quidnam
463 661 566 730 ageret
582 662 629 712 aut
643 671 701 733 quo
717 652 820 730 abiret,
837 653 952 731 quidam
965 671 1002 713 ex
1015 655 1116 715 oiircio

119 739 300 801 admissionis
318 737 400 797 simul
416 737 581 816 expellens,
598 735 688 797 obire
701 736 900 798 Morbouiam
918 739 1051 798 iusserat.
1081 739 1114 798 ln
1129 762 1143 800 s

117 825 192 884 hunc
206 831 309 902 postea
325 821 531 900 deprecantem
548 819 622 880 haud
636 821 709 881 ultra
723 821 814 880 verba
831 821 994 897 excanduit,
1010 831 1040 881 et
1055 825 1116 902 qni·

119 908 183 968 dem
194 906 313 966 totidem
327 905 391 966 iere
406 913 494 983 atque
510 902 620 963 eadem.
648 903 720 965 Nam
734 913 764 964 ut
778 906 945 984 suspicione
959 905 1054 984 aliqua
1067 905 1116 964 vel

10 1011 16 1024 ⁸
119 1000 195 1052 metu
209 990 246 1051 ad
263 991 423 1070 perniciem
437 991 607 1066 cuiusquam
621 988 846 1068 compelleretur
857 998 964 1048 tantum
979 991 1059 1066 aluit,
1076 999 1115 1068 ut,

119 1074 301 1137 monentibus
331 1073 431 1133 amicis
459 1071 616 1133 cavendum
640 1091 708 1132 esse
732 1073 860 1134 Mettium
882 1073 1115 1151 Pompusianum,

121 1158 198 1239 quod
213 1158 302 1235 volgo
319 1157 488 1217 crederetur
504 1158 635 1233 genesim
651 1156 760 1216 habere
784 1158 1015 1237 imperatorium,
1040 1159 1115 1216 insu·
1128 1178 1154 1220 rs

122 1261 175 1322 per
192 1240 341 1301 consulem
360 1241 473 1317 iecerit,
493 1240 639 1318 spondens
655 1240 828 1324 quandoque
852 1240 987 1301 beneficii
1008 1257 1116 1301 memo·

39 1373 65 1400 s
120 1325 331 1385 remluturum.

30 1399 111 1488 *15
179 1409 244 1469 Non
260 1417 370 1468 temere
387 1409 449 1487 quis
467 1409 581 1486 puuitus
596 1408 696 1467 insons
712 1409 892 1488 reperietur,
917 1411 970 1470 nisi
994 1409 1116 1470 absente

119 1513 156 1555 eo
174 1503 203 1552 et
217 1497 320 1572 ignaro
333 1501 380 1552 aut
393 1499 472 1552 certe
484 1493 573 1551 invito
589 1501 675 1569 atque
687 1492 823 1571 decepto.
849 1492 984 1554 Helvidio
999 1493 1114 1570 Prisco,

121 1582 168 1657 qui
186 1586 214 1637 et
227 1595 376 1636 reversum
392 1593 425 1636 se
440 1571 478 1635 ex
493 1576 576 1650 Syria
592 1576 672 1634 solus
695 1577 808 1655 privato
828 1578 942 1637 nomine
957 1579 1156 1656 Vespasia-15

120 1681 185 1722 num
200 1661 376 1722 salutaverat
390 1669 419 1720 et
434 1661 463 1718 in
484 1670 618 1738 practura
640 1658 771 1719 omnibus
794 1659 898 1720 edictis
921 1661 983 1720 sine
1003 1661 1116 1721 honore

121 1765 155 1806 ac
169 1746 313 1806 mentione
330 1745 388 1805 ulla
404 1743 612 1820 transmiserat,
630 1759 688 1802 non
705 1753 770 1804 ante
787 1747 952 1805 succensuit
974 1763 1058 1825 quarn
1073 1745 1116 1805 al·

120 1827 328 1891 tercation'ibus
355 1827 587 1888 insolentissimis
617 1844 711 1907 paene
745 1828 773 1886 in
804 1828 934 1888 ordinem
968 1828 1117 1888 redactus.

119 1914 202 1974 llunc
218 1930 350 1992 quoque,
369 1912 497 1990 quamue
512 1911 673 1988 relegatum
688 1913 796 1989 primo,
817 1911 922 1972 deinde
942 1921 971 1972 ct
992 1913 1117 1973 interfici

121 2001 237 2072 iussum,
255 1998 351 2073 magni
368 1994 528 2056 aestimavit
544 2012 663 2054 servare
680 2013 798 2074 quoquo
822 1996 925 2073 modo,
947 1997 1043 2056 missis
1066 1996 1116 2074 qui
1126 2019 1157 2060 ao

123 2097 312 2162 percussores
327 2087 515 2146 revocarem
537 2087 566 2137 et
580 2089 744 2156 servasset,
766 2081 820 2139 nisi
837 2081 892 2140 iam
907 2081 1022 2159 perisse
1037 2080 1116 2140 ialso

120 2165 308 2226 renuntiatum
333 2171 421 2222 esset.
465 2159 600 2222 Ceterum
624 2179 719 2241 neque
748 2163 838 2223 caede
864 2167 1029 2243 cuiusquam
1056 2181 1116 2222 nm-

122 2266 206 2327 quam
220 2247 237 2284 *
252 2248 333 2306 iustis
349 2245 499 2324 suppliciis
515 2245 706 2305 inlacrimauit
720 2248 806 2307 etiarn
822 2256 851 2308 et
866 2249 1014 2326 ingemuit.

80 2358 112 2413 15
182 2329 251 2391 Sola
275 2339 333 2406 est,
355 2331 383 2389 in
401 2347 468 2409 qna·
487 2331 590 2390 merito
618 2328 765 2408 culpetur,
794 2335 934 2410 pecuniae
960 2331 1115 2410 cupiditas.

120 2413 185 2476 Non
200 2414 275 2474 enim
294 2423 445 2474 contentus
461 2415 567 2473 omissa
583 2413 636 2472 sub
651 2413 742 2474 Galba
766 2415 922 2494 vectigalia
943 2433 1115 2494 revocasse,
1126 2435 1157 2477 as

120 2518 195 2560 nova
209 2508 239 2558 et
252 2499 353 2577 gravia
369 2496 530 2573 addidisse,
546 2499 663 2557 auxisse
679 2497 785 2560 tributa
805 2500 977 2578 provinciis,
994 2499 1116 2559 nonnul-

122 2585 157 2643 lis
172 2593 201 2643 et
215 2582 391 2662 duplicasse,
409 2583 623 2658 negotiationes
639 2599 755 2661 quoque
770 2583 818 2643 vel
835 2585 948 2663 privato
965 2583 1117 2663 pudendas

122 2667 270 2746 propalam
283 2667 424 2740 exercuit,
438 2665 598 2726 coemendo
611 2665 877 2745 quaedam,tantum
887 2676 917 2727 ut
928 2667 1019 2748 pluris
1032 2675 1116 2745 post·

121 2769 156 2810 ea
178 2749 360 2812 distraheret.
400 2748 445 2808 Ne
463 2749 619 2809 candidatis
641 2749 755 2827 quidem
777 2750 922 2828 honores,
944 2753 1041 2810 reisue
1056 2760 1116 2810 tam

120 2835 245 2894 innoxiis
267 2850 350 2911 qnam
372 2832 545 2894 nocentibus
568 2833 768 2894 absolutiones
789 2835 937 2895 venditare
962 2843 1153 2897 cunctatusso

122 2927 175 2979 est.
207 2915 339 2977 creditur
355 2918 440 2978 etiarn
455 2909 675 2995 procuratorum
687 2920 905 2999 rapacissimum
920 2937 1064 2998 quemque
1078 2919 1116 2979 ad

121 3001 262 3081 ampliora
278 3001 375 3061 silicia
391 3019 428 3060 cx
447 3000 585 3061 industria
608 3002 711 3062 solitus
738 3019 930 3081 promovere,
951 3019 1008 3082 quo
1031 3002 1114 3064 locu·
1205 3024 1209 3034 ·

81 3139 84 3156 ,
121 3086 263 3166 pletiores
278 3101 346 3144 mox
364 3084 584 3156 condemnaret;
602 3086 705 3165 quibus
722 3086 837 3164 quidem
851 3087 942 3164 volgo
959 3103 1014 3166 pro
1023 3104 1113 3166 spon·

121 3172 185 3247 geis
200 3168 349 3229 dicebatur
364 3169 419 3246 uti,
441 3169 519 3248 quod
533 3171 615 3248 quasi
631 3179 660 3229 et
674 3171 772 3230 siccos
792 3169 989 3231 madefaceret
1010 3179 1040 3230 et
1062 3189 1114 3231 ex·

120 3255 259 3333 primeret
274 3255 405 3312 umentis.
1124 3269 1151 3310 aa

183 3336 303 3413 Quidam
319 3345 419 3396 natura
438 3335 649 3414 cupidissimum
664 3336 788 3413 tradunt,
807 3337 893 3417 idque
906 3337 1114 3417 exprobratum

121 3420 148 3477 ei
164 3439 180 3479 a
196 3437 267 3478 sene
283 3417 419 3496 bubulco,
437 3421 499 3496 qui,
517 3428 623 3495 negata
639 3419 695 3479 sibi
709 3421 832 3497 gratuita
850 3419 1001 3498 libertate,
1027 3439 1114 3500 quam

117 3501 267 3578 imperium
283 3500 416 3580 adeptum
432 3501 602 3581 suppliciter
616 3501 726 3582 orabat,
744 3503 980 3584 proclamaverit,
990 3505 1114 3587 culpem
