2444 3872
512 242 681 291 nrannrns.
728 213 731 220 ¹
1059 231 1102 293 95

94 413 133 456 ne
158 411 215 474 qna
239 393 462 474 deportarentur
484 396 539 456 nisi
560 413 704 457 concessa
726 402 774 458 ant
794 396 971 456 necessaria.
1008 396 1102 460 Trans

95 479 227 540 Rhenum
241 497 313 540 vero
332 497 397 540 enm
412 482 488 541 ritae
503 477 634 540 ordinem
649 483 753 556 tenuit,
777 487 806 538 ut
820 478 927 540 sedens
939 479 970 540 in
986 482 1100 560 cespite

95 562 173 623 nude
196 563 290 622 cibum
306 572 442 643 caperet,
465 582 557 643 saepe
573 565 635 624 sine
651 564 776 626 tentorio
793 570 995 641 pernoctaret,
1015 583 1099 644 prae·

96 655 183 726 cepta
200 651 348 726 sequentis
360 647 417 708 diei
433 648 526 708 omnia
543 649 589 728 (et
600 648 625 708 si
636 647 704 728 qnid
715 647 800 709 subiti
811 648 938 708 muneris
949 649 1099 725 iniungen-

70 733 162 792 sdum
182 740 280 806 esset,
301 748 355 810 per
370 730 505 810 libellos)
522 731 618 801 daret;
640 731 735 794 addita
749 732 905 793 monitione
921 740 966 809 ut,
989 730 1025 791 de
1040 749 1113 812 que¹

96 817 219 895 qaisqne
234 813 393 893 dubitaret,
416 834 449 877 se
463 833 520 876 nec
535 815 593 877 alio
609 817 770 896 interprete
788 832 967 895 quacumque
983 815 1031 875 vel
1047 832 1098 877 ne·

41 962 43 968 ,
95 900 151 960 etis
168 900 241 960 bora
256 908 394 963 uteretur.
425 899 615 980 Disciplinam
630 901 772 962 acerrime
787 901 903 978 exegit,
919 863 1143 976 animadve-{g

94 985 207 1044 sionnm
225 991 254 1044 et
273 984 491 1061 ignominiarum
514 983 671 1060 generibus
699 1003 737 1046 er
759 985 927 1063 antiquitate
952 984 1097 1064 repetitis,

93 1077 183 1146 atque
198 1068 282 1128 etiam
298 1067 397 1146 legato
412 1067 650 1166 legioniskquod
664 1086 775 1147 paucos
790 1068 895 1128 milites
912 1085 976 1128 enm
992 1066 1096 1129 liberto

55 1161 149 1212 1⁰sno
173 1161 253 1212 trans
275 1153 367 1230 ripam
384 1161 517 1213 venetum
532 1154 675 1229 misisset,
695 1152 851 1231 ignominia
866 1160 976 1213 notato.
1007 1152 1098 1212 Proe-

13 1313 15 1316 .
93 1237 150 1312 lia,
174 1231 304 1314 quamvis
323 1237 466 1296 minimum
485 1236 618 1296 fortunae
641 1235 813 1315 casibusque
828 1237 1024 1315 permitteret,
1045 1235 1096 1296 ali·

93 1327 202 1400 quanto
223 1322 401 1382 constantius
418 1320 508 1380 inibat
528 1321 662 1399 quotiens
683 1318 853 1382 lucubrante
870 1338 920 1401 se,
945 1319 1040 1380 subito
1060 1337 1097 1380 ac

91 1402 173 1464 nullo
198 1405 399 1482 propellente,
422 1403 571 1464 decideret
592 1404 687 1464 lumen
711 1413 740 1464 et
755 1404 987 1481 extingueretur,
1007 1404 1095 1464 conli-

92 1487 177 1565 dens,
193 1497 223 1546 ut
241 1487 346 1566 aiebat,
362 1497 478 1550 ostento
499 1488 554 1550 sibi
574 1507 590 1550 a
610 1487 767 1548 maioribus
784 1490 842 1548 suis
858 1489 888 1546 in
905 1489 981 1548 omni
993 1487 1097 1548 ducatu

53 1595 80 1635 re
92 1572 311 1650 expertissime.
340 1571 400 1633 Sed
413 1592 446 1633 re
461 1591 607 1653 prospere
625 1581 723 1650 gesta,
741 1589 798 1632 nen
812 1571 928 1632 multum
944 1571 1013 1632 afuit
1028 1573 1097 1650 quin

91 1675 108 1717 a
122 1655 265 1716 Bructero
288 1656 411 1735 quodam
432 1656 630 1734 occideretur,
653 1657 699 1716 cni
712 1657 787 1716 inter
801 1657 951 1735 proximos
968 1655 1095 1715 versanti

91 1749 122 1800 et
144 1739 336 1820 trepidatione
356 1740 474 1801 detecto
495 1741 644 1802 tormentis
659 1757 802 1819 expressa
819 1739 966 1800 confessio
983 1747 1029 1799 est
1046 1754 1095 1798 co·

90 1824 174 1901 gitati
188 1823 337 1884 facinoris.
365 1824 392 1885 Α
409 1823 560 1886 Germania
577 1825 606 1883 in
618 1823 719 1884 urbem
734 1831 803 1904 post
817 1822 961 1883 biennium
975 1839 1092 1900 regnes·
1103 1839 1141 1893 20

91 1925 142 1968 sus
157 1907 343 1986 triumphum,
367 1925 452 1988 quem
467 1908 632 1985 distulerat,
654 1909 731 1985 egit,
747 1906 993 1986 presequentibus
1008 1908 1094 1966 etiam

51 1991 216 2068 relegatis,
239 1991 341 2070 quibus
356 1990 538 2072 triumphalia
557 2001 724 2052 ornamenta
739 1993 915 2071 impetrarat.
947 1989 993 2050 Ac
1015 1991 1095 2069 prius

90 2092 177 2156 quam
199 2075 228 2134 in
242 2073 415 2154 Capitolium
430 2075 580 2152 llecteret,
602 2075 782 2136 descendite
801 2094 886 2136 curru
902 2093 995 2154 seque
1010 2091 1094 2153 prae·

89 2158 197 2220 sidenti
215 2159 291 2238 patri
305 2159 342 2220 ad
355 2177 450 2237 genua
464 2159 612 2220 summisit.
639 2159 777 2220 Bntonem
790 2156 966 2220 Pannoniam
981 2158 1094 2235 ducem,

89 2243 258 2322 ingentibus
279 2243 414 2306 donatum
435 2245 587 2323 praemiis,
609 2243 777 2304 Ravennam
793 2244 952 2321 transtulit,
972 2242 1095 2321 gretiam

89 2327 242 2404 referens,
265 2328 343 2407 quod
364 2346 397 2389 se
418 2328 561 2408 quondam
578 2345 641 2388 cnm
656 2331 786 2388 exercitu
800 2328 951 2407 iniquitate
965 2327 1025 2387 loci
1040 2327 1094 2386 cir·

50 2431 79 2472 re
91 2409 271 2472 cnmclusum
290 2428 394 2490 passus
416 2421 496 2474 esset
515 2411 652 2473 evadere.
665 2410 833 2472 -Prandium
855 2411 960 2472 dehinc
983 2409 1111 2489 populo·

8 2567 9 2572 γ
89 2494 170 2555 mille
192 2495 315 2572 mensis,
337 2503 367 2556 et
386 2498 562 2574 congiarium
579 2505 718 2557 trecenos
741 2512 870 2556 nummos
884 2495 990 2554 viritim
1006 2492 1093 2552 dedit.

54 2621 62 2634 .
87 2577 245 2660 Dedicarit
271 2587 300 2640 et
322 2577 505 2642 Concordiae
530 2580 646 2658 aedem,
674 2581 743 2640 item
762 2579 891 2641 Pollucis
910 2586 943 2639 et
963 2575 1094 2639 Castoris

89 2679 144 2724 suo
171 2663 333 2742 fratrisque
352 2667 482 2742 nomine,
511 2664 548 2725 de
574 2664 723 2726 manubiis.
760 2664 805 2724 Ac
827 2681 885 2722 non
905 2661 994 2722 multo
1016 2661 1134 2740 pocati

8 2765 13 2778 ³
90 2747 162 2823 lege
185 2764 241 2824 per
257 2747 392 2808 eonsules
408 2748 466 2808 lata
480 2757 509 2808 ut
524 2750 691 2828 provincias
707 2766 770 2808 cnm
785 2746 919 2826 Augusto
939 2745 1093 2807 eommuni-

9 2903 10 2906 ,
51 2839 136 2890 eoter
159 2827 369 2892 administraret
390 2831 531 2911 simulque
552 2850 669 2892 censum
685 2840 800 2910 ageret,
823 2829 940 2891 condito
958 2829 1050 2890 lustro
1066 2829 1095 2889 in

88 2912 239 2989 lllyrieum
259 2915 412 2992 proiectus
434 2923 489 2980 ast.
518 2914 556 2977 Et
578 2918 673 2976 statim
695 2934 733 2976 ex
746 2917 850 2976 itinere
867 2922 1023 2975 revocatus
1038 2914 1094 2974 iam

87 2996 207 3078 quidem
221 2997 378 3077 adiectum,
394 2998 447 3060 sed
460 3007 554 3060 nmen
569 3001 726 3079 spirantem
741 2997 833 3061 adbuc
849 2997 1012 3077 Augustum
1026 3015 1094 3078 rep·

88 3082 168 3162 perit
184 3081 295 3161 luitque
309 3100 364 3143 une
383 3093 500 3144 secreto
517 3102 572 3163 per
587 3092 677 3144 totum
691 3082 775 3143 diem.

153 3163 225 3226 Scio
239 3165 329 3246 vulgo
345 3185 514 3248 persuasum
530 3170 628 3248 qimai,
651 3185 774 3245 egresso
788 3175 857 3247 post
871 3174 1016 3228 secretum
1029 3181 1091 3224 ser-

8 3261 10 3324 g
48 3267 204 3316 minonem
226 3247 359 3328 Tiberio,
381 3269 440 3313 vox
453 3251 579 3330 Augusti
599 3270 653 3332 per
673 3249 868 3312 cubicularios
888 3257 1013 3329 excepta
1034 3246 1088 3308 sit:

8 3325 13 3374 t
86 3332 239 3397 Miserum
257 3335 405 3417 populum
431 3336 469 3398 rt.
498 3336 551 3416 qai
574 3333 631 3396 seb
654 3341 717 3396 torn
738 3336 828 3397 lentis
848 3332 987 3397 mcctttts
1011 3329 1093 3392 erit!

8 3423 10 3492 ξ
87 3419 134 3480 Ne
142 3417 213 3480 illud
221 3418 336 3498 quidem
343 3421 448 3498 ignoro
461 3420 574 3500 aliquos
588 3418 753 3498 tradidisse,
761 3418 922 3498 Augustum
935 3415 1093 3498 palamnee

88 3500 304 3566 dissimulanter
318 3519 429 3566 merum
448 3504 509 3564 eius
523 3504 667 3566 diritatem
682 3503 755 3565 adeo
769 3503 961 3583 improbasse,
973 3507 1003 3562 nt
1020 3516 1093 3561 non-
