2438 3872
17 167 19 174 ’
129 163 192 226 246
217 173 245 223 c.
264 173 414 320 snerqru
431 173 558 237 ranno.
572 173 619 220 on
637 173 720 222 mun
738 173 921 238 consenum
939 175 1007 220 nnn.
1020 174 1095 222 vnn.

129 346 209 389 more
227 330 330 388 veteri.
367 328 440 388 Nam
459 345 522 388 oum
538 327 665 389 Oculatis
683 328 844 406 sororibus,
860 329 928 388 item
942 327 1123 389 Varronillae

119 413 250 472 ‚liberum
269 413 369 472 mortis
388 413 566 491 permisisset
587 412 732 472 arbitrium
756 421 1002 492 corruptoresque
1028 431 1123 473 earum

89 559 94 572 ,
127 497 307 574 relegasset,
331 513 400 556 mox
423 495 587 557 Corneliam
612 497 762 557 maximam
784 499 939 574 virginem,
963 495 1123 556 absolutam

34 595 40 624 ²
129 579 208 656 olim,
227 578 293 639 dein
308 580 397 657 longo
414 579 568 640 intervallo
581 583 734 660 repetitam
749 589 835 659 atque
849 581 1013 640 convictam
1026 579 1122 640 deiodi

127 665 290 742 imperavit,
309 673 548 742 stupratoresque
563 666 655 741 virgis
673 667 701 725 in
717 666 834 724 comitio
853 663 889 724 ad
904 682 1007 724 necem
1029 663 1143 740 caedi,⁵

129 757 256 827 excepto
271 751 419 828 praetorio
435 751 514 816 virc;
533 749 587 825 cui,
607 747 692 807 dubia
708 749 793 807 etiam
809 755 866 807 tum
882 765 969 808 causa
986 757 1016 807 et
1031 750 1122 808 incer-

128 835 165 891 tis
181 831 398 910 quaestionibus
414 841 514 910 atque
515 833 663 892 tormentis
679 831 714 890 de
731 839 824 891 semet
840 833 990 910 proiesso,
1007 832 1123 891 exilium

128 915 254 994 indulsit.
293 915 337 974 Ac
357 933 393 976 ne
416 933 471 993 qua
494 915 598 992 religio
617 915 733 974 deum
724 932 839 993 impune
869 918 1122 992 contaminaretur,

128 1002 339 1075 monimentum,
357 999 433 1078 quod
447 999 568 1059 libertus
589 1001 651 1058 eius
673 1017 689 1058 e
709 998 852 1078 lapidibus
874 999 984 1078 templo
1006 998 1123 1078 capisc-

17 1141 19 1146 .
127 1083 177 1144 lini
197 1077 276 1142 lovis
296 1083 445 1144 destinatis
461 1083 520 1144 iilic
536 1092 734 1159 exstruxerat,
751 1082 836 1144 diruit
860 1101 913 1162 per
933 1084 1056 1161 milites,
1076 1101 1121 1145 os
1134 1096 1154 1139 ιι

121 1185 218 1256 saque
235 1176 264 1226 et
281 1167 420 1244 reliquias
437 1185 510 1247 quae
526 1169 637 1226 inerant
652 1169 722 1227 mari
741 1167 852 1226 mersit

59 1244 126 1323 Α
187 1249 266 1310 lnter
280 1251 359 1311 initia
374 1267 464 1328 usque
481 1250 555 1310 adeo
569 1251 605 1316 ab
621 1253 697 1310 omui
715 1249 805 1311 caede
822 1249 1012 1327 abhorrebat,
1029 1259 1060 1310 ut
1074 1250 1123 1312 ab·

32 1331 45 1352 ”
126 1343 210 1394 sente
227 1333 318 1393 adhuc
335 1343 416 1412 patre
432 1334 601 1395 recordatus
620 1335 737 1412 Virgilii
756 1353 885 1395 versum:

115 1461 117 1468 .
141 1441 143 1446 ·
203 1413 313 1496 impia
328 1435 419 1498 quum
436 1419 538 1480 eaesis
549 1437 626 1498 pens
640 1424 687 1478 est
702 1416 854 1497 epulata
841 1418 988 1494 taunasis,

127 1501 243 1562 edicere
261 1501 421 1580 destinarit,
442 1521 478 1562 ne
499 1502 592 1562 boves
608 1501 830 1563 immolarentur.
865 1500 1034 1580 cupiditatis
1052 1518 1122 1580 quo-
1133 1515 1155 1556 u

126 1587 182 1666 que
197 1595 285 1664 atque
300 1547 436 1647 ιιιιίιίιιι
457 1589 506 1646 vix
527 1587 714 1665 suspitionem
735 1587 821 1647 ullam
841 1594 889 1647 aut
911 1588 1041 1667 privatus
1063 1603 1122 1644 um·
1200 1589 1201 1624 ι

127 1688 211 1750 quam
224 1680 274 1730 aut
288 1673 426 1750 princeps
443 1670 606 1752 aliquandiu
624 1670 718 1747 dedit,
742 1673 827 1731 immo
847 1687 863 1729 e
882 1666 999 1730 diuerso
1020 1683 1124 1747 magna
1200 1667 1201 1698 ι

25 1830 28 1834 ¹
125 1771 216 1833 saepe
231 1755 288 1813 non
304 1753 493 1814 abstinentiae
508 1754 596 1815 modo
624 1753 676 1814 sed
700 1757 785 1815 etiam
811 1753 992 1816 liberalitatis
1007 1769 1123 1837 eppep-

125 1847 230 1897 mentn.
271 1835 370 1898 Omnis
393 1839 471 1900 circa
493 1856 525 1897 se
549 1838 714 1915 largissime
744 1846 933 1922 prosecutus,
952 1836 1023 1896 nihil
1044 1838 1124 1937 prius

21 1995 23 1998 Ι
124 1925 173 1982 ant
195 1922 290 1982 acrius
309 1924 418 1982 monuit
437 1939 521 2020 quam
541 1939 577 1981 ne
600 1921 673 2000 quid
685 1919 802 1983 sordide
817 1917 959 1986 iacerent.
989 1917 1159 1981 Relictasu

126 2004 180 2065 sibi
197 2005 376 2064 hereditates
390 2004 459 2084 eb
421 2024 489 2088 us,
505 2005 606 2084 quibus
625 2005 709 2066 liberi
725 2015 820 2084 erant,
837 2023 893 2066 nun
909 2007 1032 2084 recepit.
1069 2005 1123 2066 Le·

125 2093 221 2166 gotum
238 2091 322 2148 etiam
336 2107 374 2147 ex
387 2097 559 2149 testamento
577 2090 664 2150 Rusci
685 2088 859 2169 Caepionis,
883 2093 931 2169 qui
955 2098 1074 2150 caverat
1090 2097 1123 2148 ut

98 2227 100 2230 .
125 2180 195 2252 quot
222 2173 303 2232 annis
329 2171 558 2250 ingredientibus
585 2171 691 2235 curiam
713 2174 896 2235 senatoribus
917 2181 1025 2234 certam
1047 2189 1123 2233 sum·

124 2273 197 2316 mam
213 2257 318 2317 viritim
334 2265 496 2334 praestaret
509 2257 595 2318 beros
611 2275 693 2334 suus,
712 2257 821 2318 irritum
838 2255 917 2318 iecit.
951 2257 1049 2333 licus,
1074 2257 1124 2336 qui

125 2349 190 2401 ame
211 2341 433 2419 quinquennium
454 2343 613 2419 proximum
634 2341 710 2420 apud
730 2339 1160 2422 aerariumpqepyeqdissentstt
1200 2385 1201 2404 ι

123 2426 278 2484 uniuersos
293 2424 457 2484 discrimine
478 2423 630 2501 liberarit,
645 2444 708 2496 *nec
732 2423 828 2504 repeti
848 2425 903 2484 nisi
924 2426 997 2484 intra
1019 2439 1124 2484 aunum

124 2527 216 2587 eaque
234 2507 397 2569 conditione
420 2510 563 2587 permisit,
582 2518 615 2569 ut
631 2511 795 2570 accusatori
810 2509 857 2588 qui
875 2521 990 2570 causam
1005 2525 1064 2568 non
1081 2517 1124 2568 te·

123 2600 206 2652 neret
220 2592 337 2652 exilium
353 2610 448 2672 poena
469 2600 557 2652 esset.
593 2592 716 2654 Scribas
727 2593 913 2672 quaestorios
933 2593 1124 2670 negotiantis,

124 2693 161 2735 ex
177 2675 384 2736 consuetudine
401 2675 453 2735 sed
470 2685 569 2738 contra
578 2675 712 2737 Clodiam
728 2677 836 2766 legem,
852 2677 977 2738 venitin
990 2685 1124 2754 praeter-

122 2761 191 2818 itum
215 2758 339 2820 donavit
331 2743 543 2842 ιδιιιιιοίιιι,
572 2778 647 2839 quae
670 2759 797 2821 divisis
787 2775 843 2840 per·¹
862 2769 1019 2848 veteranos
1041 2760 1160 2837 cgristo

124 2834 245 2920 carptim
252 2837 479 2923 superfuerunt,
495 2844 643 2905 veteribus
666 2843 887 2924 possessoribus
909 2853 938 2906 ut
960 2861 1012 2903 usu
1037 2851 1126 2922 capta

123 2927 278 2988 concessit.
314 2925 445 2990 liiscales
465 2927 620 2988 calumnias
640 2947 747 3008 magna
770 2927 1009 2996 calumniantium
1024 2941 1127 3012 poene

121 3012 279 3090 repressit,
301 3011 511 3110 ferebaturque
528 3030 587 3072 vox
608 3012 686 3074 eins·
712 3010 863 3100 Princeps
882 3011 938 3122 qeti
962 3007 1126 3118 delatores

121 3103 182 3156 uon
197 3095 341 3175 contigat,
356 3095 470 3156 irritat.

37 3182 114 3255 lo
185 3179 243 3240 Sed
268 3197 362 3259 neque
384 3182 413 3240 in
435 3180 605 3242 clementiae
624 3197 723 3268 neque
748 3181 778 3240 in
801 3176 1004 3246 abstinentiae
1015 3157 1161 3240 tenorent

17 3271 19 3274 ’
121 3263 293 3340 permansit,
309 3271 340 3324 et
355 3272 449 3324 tamen
464 3264 609 3343 aliquanto
627 3257 751 3332 celerius
768 3262 804 3324 ad
826 3261 989 3332 saevitiam
998 3261 1127 3324 descivit

121 3362 205 3420 quam
226 3345 262 3406 ad
285 3347 479 3426 cupiditatem
513 3347 692 3428 Discipulum
709 3346 819 3408 Paridis
840 3345 1017 3428 pantomimi
1029 3347 1125 3424 impu-

120 3422 220 3486 berem
242 3427 334 3487 adbuc
354 3439 388 3488 et
405 3448 467 3492 eum
488 3433 610 3491 maxime
629 3449 767 3509 aegrum,
792 3431 870 3510 quod
891 3441 955 3499 arte
969 3430 1125 3509 formaque
