2438 3872
456 160 504 206 Dll
523 159 773 208 GRAMMATICIS.

261 319 378 376 Raeemt
390 320 445 374 duo
464 319 552 390 tepula
567 319 615 374 sub
631 335 689 373 nna

261 403 305 458 Ad
316 417 451 458 summam
462 417 553 474 prope
569 405 692 458 nutriant
706 409 852 459 senectam.

107 481 146 542 Et
160 499 274 542 rursus:
613 533 614 538 ,

261 571 369 627 Catonis
383 571 477 639 modo,
492 571 584 638 Galle,
602 570 785 626 Tusculanum

80 665 94 706 t
264 654 331 708 Tota
345 655 465 709 creditor
479 654 546 711 urbe
562 654 725 710 venditabat.

262 737 359 792 Mirati
371 752 479 806 sumus,
496 740 605 794 unicum
616 740 784 810 mapistrum,

262 819 402 876 Summum
417 825 643 893 piammonem,
659 824 788 893 optimum
804 828 912 891 poetam

264 903 362 960 Onnes
376 903 484 962 sotoere'
490 921 576 978 posse
588 909 769 976 quaestiones,

268 987 355 1044 Unum
371 988 484 1060 disticte
498 990 632 1061 eapedr're
645 1005 753 1044 nomen.

76 1081 102 1122 ro
264 1071 309 1126 En
321 1087 370 1129 cor
384 1071 526 1142 Zenodoti,
542 1088 576 1128 en
589 1075 666 1128 ieeur
681 1074 810 1130 Cratetis!

173 1149 327 1212 Cornelius
341 1150 506 1229 Epicadus,
521 1151 552 1211 t.
565 1151 693 1212 Cornelii
708 1153 806 1234 Syllae
824 1152 972 1212 dictatoris
990 1151 1153 1214 libertusl‘t

112 1233 281 1312 calatorque
295 1236 324 1294 in
346 1236 510 1296 sacerdotio
528 1235 674 1313 augurali,
700 1236 758 1296 lilio
784 1253 899 1315 quoque
924 1237 985 1294 eius
1001 1236 1109 1296 Fausto

111 1317 291 1395 gra-tissimus
311 1319 376 1388 luit;
402 1337 492 1397 quare
512 1337 655 1398 nunquam
678 1336 735 1380 nou
758 1323 906 1398 utriusque
924 1337 957 1379 se
976 1319 1110 1378 libertum

112 1400 209 1462 edidit.
251 1401 365 1462 Librum
388 1413 498 1479 autem,
523 1421 607 1482 quem
629 1402 711 1478 Sylla
728 1404 913 1463 novissimum
934 1403 977 1463 tle
1000 1403 1109 1463 rebus

75 1498 101 1540 1⁵
113 1485 191 1545 suis
209 1486 410 1564 imperfectum
423 1487 596 1565 reliquerat,
613 1489 677 1564 ipse
693 1487 849 1567 supplevit.

6 1627 7 1648 ἶ
173 1567 324 1630 Staberius
346 1569 423 1630 Eros
441 1580 554 1630 memet
564 1587 640 1630 aere
654 1579 766 1649 emptus
779 1571 815 1630 de
827 1579 935 1630 catasta
948 1580 977 1630 et
988 1581 1111 1650 propter
1120 1578 1154 1632 13

5 1695 9 1712 .
41 1700 46 1706 .
111 1653 270 1712 litterarum
285 1653 407 1714 studium
420 1657 625 1729 manumissus,
648 1653 747 1713 docuit
763 1657 837 1714 iuter
863 1664 978 1714 ceteros
996 1655 1111 1714 Brutum

111 1746 141 1795 et
157 1735 297 1796 Cassium.
327 1738 399 1797 Sunt
414 1741 462 1816 qui
477 1737 589 1798 tradant
605 1747 682 1798 tanta
697 1756 760 1797 eum
772 1739 924 1798 honestate
941 1738 1110 1816 praeditum,

5 1819 6 1822 ’
112 1829 141 1880 ut
162 1820 340 1898 temporibus
360 1822 486 1897 Syllanis
508 1823 737 1900 proscriptorum
759 1822 869 1881 liberos
889 1823 979 1899 gratis
998 1833 1027 1882 et
1049 1825 1110 1881 sinc

74 1923 102 1964 so
112 1903 247 1964 mercede
262 1905 319 1964 ulla
334 1907 362 1964 in
378 1905 558 1984 disciplinam
571 1907 728 1984 receperit.

177 1987 292 2048 Curtius
303 1989 387 2049 Nicia
400 1989 494 2050 haesit
505 1988 566 2050 GN.
578 1988 719 2067 Pompeio
734 1999 764 2049 et
775 1987 808 2050 C.
819 1989 968 2056 Memmio:
982 1987 1034 2048 scd
1048 2007 1111 2048 cum
1121 1997 1155 2050 14
1198 1999 1200 2005 ’

113 2071 266 2132 codicillos
282 2072 396 2133 Memmi
418 2071 454 2132 ad
471 2074 590 2153 Pompei
613 2091 734 2134 uxorem
755 2073 790 2132 de
813 2083 913 2151 stupro
932 2072 1111 2150 pertulisset,

112 2156 244 2236 proditus
262 2157 299 2216 alr
315 2175 367 2233 ea,
383 2157 551 2236 Pompeium
568 2157 700 2234 offendit,
723 2157 867 2234 domoque
889 2160 916 2216 ei
931 2157 1112 2216 interdictum

112 2247 168 2299 est.
199 2239 263 2300 liuit
279 2250 308 2301 et
323 2241 362 2301 Μ.
379 2240 532 2302 Ciceronis
548 2241 710 2309 familiaris;
726 2243 753 2299 in
771 2242 850 2300 cuius
866 2241 991 2319 epistola
1005 2240 1039 2299 ad
1054 2239 1111 2299 no-

75 2340 102 2381 rs
113 2322 250 2383 tabellam
265 2325 343 2384 hacc
355 2324 391 2385 de
406 2343 443 2385 eo
459 2325 596 2403 legimus:
620 2323 704 2386 Niltit
718 2324 837 2387 lionae
850 2325 970 2402 peritur
987 2325 1069 2402 qttod
1085 2331 1114 2384 te

68 2473 71 2479 ,
108 2414 214 2485 putero
228 2409 311 2468 scire
326 2406 456 2485 aurare,
476 2410 539 2470 nisi
556 2407 639 2486 forte
655 2410 738 2470 scire
750 2409 816 2480 ois,
832 2426 880 2488 me
895 2409 974 2468 inter
991 2405 1113 2468 Niciam

4 2547 6 2572 ζ
111 2497 301 2552 nostramet
324 2490 443 2552 Vidium
464 2493 595 2554 iudicem
616 2511 693 2553 esse.
733 2491 858 2570 Profert
877 2491 972 2566 alter,
1001 2492 1113 2568 opinor

4 2573 6 2634 J
113 2573 236 2635 duobus
249 2576 429 2652 uastum,
455 2594 623 2655 expensum
640 2579 650 2636 l
654 2575 764 2636 Niciae
772 2577 798 2654 ,l
815 2576 895 2636 atter
910 2574 1113 2650 Aristarchus

4 2659 5 2700 ἓ
112 2658 171 2719 loos
192 2659 336 2720 obelinei:
357 2679 412 2738 epo
433 2667 579 2740 tanquam
601 2657 728 2720 criticus
751 2660 895 2738 antiquos
917 2658 1114 2720 iudicaturus

54 2755 105 2804 sto
114 2760 192 2816 sum,
207 2749 309 2802 utrum
320 2741 453 2804 sinteoni
466 2739 619 2824 [ποιητοῦ
630 2761 672 2804 an
683 2738 1018 2823 napepssedinpiuotl
1042 2743 1114 2803 ltem

114 2825 151 2886 ad
166 2825 308 2888 Atticum:
331 2825 380 2888 De
393 2827 486 2890 Nicia
500 2827 585 2907 quod
603 2826 733 2903 scribis,
755 2828 784 2888 si
801 2828 847 2887 ita
860 2846 909 2889 me
921 2826 1066 2887 taonem
1082 2834 1117 2887 ut

4 2945 6 2950 ,
44 2915 49 2926 “
114 2910 181 2970 eiras
196 2909 386 2972 humanitate
402 2911 618 2991 fruipossem,
641 2912 673 2971 in
687 2913 798 2989 primis
820 2912 927 2973 uellem
946 2929 1062 2972 mecum
1077 2911 1112 2972 tt-

114 2995 176 3056 tum
189 2993 326 3066 labmer
348 2995 404 3055 sed
417 2997 492 3057 milri
511 2995 646 3057 solitudo
664 3003 700 3056 ct
714 3013 857 3057 recessus
872 2996 1040 3074 provincia
1059 3002 1113 3056 est.
1207 3047 1211 3056 .

40 3121 43 3126 ‹
114 3078 284 3140 Praetereo
307 3080 391 3142 nosti
414 3079 524 3142 Niciae
545 3079 647 3140 nostri
666 3079 920 3158 imbecillitatem,
942 3079 1113 3153 mollitiam,

79 3180 105 3221 ss
116 3162 364 3224 consuetudinem
377 3163 485 3226 victus.
511 3161 576 3241 Cur
593 3180 667 3242 erpo
684 3164 733 3225 itti
752 3164 897 3225 molestus
915 3181 983 3224 esse
1005 3163 1115 3242 lentim,

116 3265 183 3307 cum
197 3247 272 3307 milti
284 3247 337 3308 itta
355 3247 509 3309 ineundus
523 3264 591 3331 esse
611 3249 684 3326 non]
700 3248 823 3326 possit?
850 3246 998 3309 l'otuntos
1015 3253 1117 3307 tamen

115 3329 183 3391 eius
201 3330 378 3410 miliprnto
393 3339 448 3394 est.
477 3331 567 3391 Huius
589 3328 632 3390 te
647 3330 791 3393 Lucilio
808 3331 900 3392 libros
915 3332 999 3390 etiarn
1015 3331 1118 3392 Santra

115 3414 297 3488 comprobat.
