2412 3876
329 187 333 202 ¹
442 183 761 236 amanuensem.
950 252 966 263 ¹,
1061 173 1100 236 ct·

8 355 9 362 ¹
98 339 229 402 necanda
255 337 436 400 deliberavit.
471 338 558 400 Certe
586 358 649 400 cum
672 339 726 400 sub
753 339 827 400 idem
854 347 968 418 tenpus
988 359 1043 402 una
1064 360 1103 402 ex

100 424 228 486 consciis
241 423 345 484 liberta
359 422 477 484 Phoebe
494 423 651 503 suspendio
670 425 756 486 vitam
772 423 891 500 linisset,
905 421 1054 486 mulnisae
1068 443 1103 485 oe

98 510 138 569 ait
153 506 292 568 Phoebes
304 514 426 586 patratu
439 505 550 585 futore.
583 505 746 585 Relegatae
762 527 842 568 usum
857 508 916 567 vini
931 524 1101 589 omnemque

98 592 300 653 delicatiorem
313 591 417 652 cultmn
433 591 539 652 ademit
552 610 646 670 neque
662 591 734 652 adiri
748 609 764 652 a
780 593 916 670 quopiam
930 591 1024 653 libero
1040 611 1101 652 ser·

74 693 188 753 suove,
201 677 257 736 nisi
273 694 306 735 se
321 675 465 752 consulto,
477 677 616 755 permisit,
631 685 661 736 et
674 677 713 736 ita
727 685 758 734 ut
773 679 881 735 certior
896 675 991 752 lieret,
1005 694 1061 755 qua
1078 677 1102 735 is

100 769 208 836 aetate,
227 777 283 838 qua
300 768 423 837 statura,
444 776 500 838 quo
517 760 620 820 colore
635 768 726 836 esset,
746 760 832 822 etiam
848 756 951 838 quibus
970 762 1103 841 corporis

100 846 178 906 notis
190 843 239 903 rel
255 843 447 904 cicatricibus.
471 843 539 903 Post
554 845 776 922 quinquennium
791 843 903 904 demum
919 862 957 904 ex
971 845 1063 905 insula
1075 846 1104 903 in

8 999 9 1004 η
101 929 298 989 coutinentem
311 926 530 1006 lenioribusque
540 927 630 1007 paulo
645 927 863 988 condicionibus
871 928 1016 988 transtulit
1029 946 1102 988 eam.

8 1009 9 1048 ³
100 1013 173 1073 Nam
197 1020 228 1070 nt
250 1012 365 1072 omnino
385 1020 556 1089 revocaret,
579 1012 697 1072 exorari
717 1012 797 1072 nullo
819 1012 904 1072 modo
922 1014 1031 1090 potuit,
1053 1011 1102 1072 de·

8 1065 11 1120 l
61 1117 89 1157 io
102 1095 236 1178 precanti
256 1113 346 1174 saepe
361 1094 393 1154 Ρ.
407 1095 444 1157 li.
468 1104 498 1156 et
511 1098 686 1175 pertinacius
704 1097 819 1156 instanti
834 1096 908 1156 tales
923 1095 997 1156 lilius
1012 1096 1101 1158 tales·

8 1211 10 1258 7
101 1199 159 1261 que
183 1179 323 1257 coniuges
342 1196 399 1258 pro
416 1181 551 1240 contione
570 1181 747 1257 inprecatus.
777 1179 824 1240 Ex
842 1186 931 1258 nepte
945 1179 1017 1240 Iulia
1035 1188 1103 1258 post

101 1265 312 1326 damnationem
327 1263 433 1324 editum
447 1262 584 1324 infantem
600 1262 740 1340 adgnosci
757 1264 854 1343 alique
868 1265 967 1323 vetuit.
989 1264 1102 1342 'Agrip-

8 1417 9 1422 '
101 1365 169 1428 pam
190 1345 278 1406 nihilo
292 1345 535 1424 tractabiliorem,
556 1347 641 1407 dumo
656 1349 685 1406 in
701 1347 764 1406 dies
780 1350 969 1408 amentiorem
984 1350 1014 1408 in
1028 1349 1103 1407 insu·

8 1487 9 1494 ,
100 1434 158 1494 lam
178 1432 386 1510 transportavit
408 1432 559 1509 tepuitque
578 1433 698 1510 insuper
722 1430 851 1491 custodia
865 1431 993 1492 militum.
1021 1429 1104 1491 Cavit

8 1531 9 1592 j
61 1517 189 1576 matiam
204 1514 233 1574 S.
251 1513 284 1574 C.
299 1523 330 1574 ut
344 1515 447 1576 eodem
463 1514 521 1575 loci
540 1517 569 1575 in
593 1523 765 1593 perpetuam
786 1515 998 1591 contineretur,
1016 1525 1103 1592 atquc

101 1599 139 1660 ad
159 1615 272 1660 omnem
292 1605 323 1658 at
342 1601 404 1658 eius
425 1606 455 1658 et
467 1597 601 1660 luliarum
617 1599 791 1658 mentionem
807 1599 1019 1676 ingemiscens,
1037 1617 1103 1678 pro·

102 1683 228 1745 clamare
243 1683 327 1743 etiam
342 1682 471 1743 solebat:

138 1751 218 1828 Atu'
235 1754 361 1844 ὄφελον
375 1755 501 1844 ἄγαμός
514 1753 540 1826 τ’
557 1763 670 1845 ἔμεναι
687 1754 809 1844 ἄγονός
822 1753 848 1826 τ’
865 1753 1070 1826 ἀπολέσθαι]

101 1867 158 1910 nec
180 1849 264 1909 aliter
279 1866 332 1910 eos
345 1849 516 1929 appellare,
539 1867 622 1927 quam
637 1851 689 1908 tris
705 1850 835 1909 vomicas
853 1867 888 1909 ac
903 1850 957 1910 tria
973 1851 1104 1910 carcino-

62 1953 91 1994 2o
104 1942 181 1994 mata
196 1949 255 1992 sua.
909 1943 911 1947 '

109 2069 140 2089 .,
159 2015 315 2078 dulcitius
335 2033 431 2096 neque
453 2016 541 2078 facile
559 2015 671 2077 admisit
684 2003 714 2078 et
729 2018 960 2078 constantissime
975 2015 1103 2095 retinuit,
1113 2025 1148 2082 66

102 2117 163 2162 non
187 2109 293 2161 tantum
318 2101 440 2161 virtutes
462 2118 498 2161 ac
520 2103 621 2162 merita
645 2105 783 2180 cuiusque
805 2102 893 2178 digne
919 2111 1104 2180 prosecutus,

103 2183 158 2245 sed
176 2185 245 2244 vitia
267 2201 382 2264 quoque
402 2194 432 2245 et
452 2184 573 2262 delicta,
598 2184 759 2246 dumtaxat
778 2185 908 2262 modica,
934 2203 1103 2265 perpessus.

102 2267 206 2348 Neque
230 2269 305 2329 enim
325 2277 435 2329 temere
457 2287 495 2328 ex
515 2270 590 2328 omni
610 2286 728 2330 numero
746 2271 775 2329 iu
789 2271 913 2334 amicitia
928 2271 990 2330 eius
1006 2269 1104 2331 aillicti
1185 2311 1189 2319 >

64 2353 287 2430 asreperientur
302 2362 420 2432 praeter
434 2352 629 2413 Salvidienum
644 2354 759 2431 Rufum,
776 2371 860 2434 quem
875 2353 910 2414 ad
926 2354 1105 2413 consulatum

8 2473 9 2476 =
102 2453 205 2514 usquc,
224 2444 252 2494 et
270 2435 571 2512 CorneliumGallmn,
589 2454 674 2515 quem
688 2437 724 2498 ad
739 2438 952 2516 praefecturam
964 2436 1104 2516 Aegypti,

104 2538 142 2579 ex
166 2519 261 2579 infima
282 2527 433 2600 utrumque
456 2520 570 2580 fortuna
592 2529 779 2599 provenerat.
830 2521 958 2596 Quorum
984 2519 1105 2580 alterum

103 2621 153 2662 res
175 2619 266 2662 novas
288 2602 453 2664 molientem
474 2603 659 2663 damnandum
680 2605 791 2666 senatui
811 2603 943 2680 tradidit,
968 2603 1050 2668 alteri
1067 2605 1105 2664 ob

103 2688 247 2764 ingratum
260 2695 289 2745 et
304 2687 469 2748 malivolum
484 2689 604 2748 animum
622 2689 708 2750 domo
724 2697 753 2749 et
768 2689 928 2768 prouinciis
944 2689 1003 2750 suis
1018 2689 1105 2749 inter·

68 2785 94 2827 ao
105 2769 187 2829 dixit.
232 2769 291 2830 Sed
306 2769 389 2832 Gallo
411 2788 526 2851 quoque
542 2780 572 2832 et
586 2781 785 2834 accusatorum
801 2771 1062 2834 denuntiationibus
1077 2781 1107 2832 et

103 2861 221 2914 senatus
240 2854 379 2914 consultis
395 2856 430 2916 ad
445 2873 549 2915 necem
565 2857 721 2936 conpulso,
743 2856 870 2918 laudavit
886 2855 1001 2936 quidem
1015 2857 1105 2935 pieta·

103 2946 161 2997 tom
181 2946 334 3017 tantopere
356 2954 410 3018 pro
432 2957 465 3000 se
483 2939 705 3018 indignantium,
729 2950 856 3000 ceterum
872 2949 901 3000 et
915 2942 1108 3002 inlacrimauit

101 3030 134 3081 et
156 3024 251 3081 mcem
272 3039 351 3084 suam
376 3032 553 3101 conquestus
574 3032 635 3101 est,
657 3023 741 3106 quod
759 3025 823 3086 cibi
840 3024 902 3087 ooli
919 3043 981 3087 non
1002 3026 1109 3087 liceret
1119 3023 1129 3124 q

104 3105 230 3182 amicis,
257 3113 408 3184 quotenne
433 3107 538 3184 uellet,
566 3107 675 3172 oasa.
723 3108 839 3187 Reliqui
865 3110 994 3188 potentia
1020 3119 1106 3188 atque
1167 3161 1170 3167 .

8 3229 9 3232 =
66 3209 94 3250 ss
102 3189 211 3270 opibus
223 3189 259 3250 ad
270 3189 355 3251 finem
366 3193 442 3251 ritae
457 3193 500 3251 sui
516 3192 637 3271 quisque
652 3191 761 3254 ordinis
777 3194 926 3272 principes
938 3192 1106 3268 floruerunt,

104 3291 269 3352 quanquam
294 3282 332 3334 et·
348 3275 468 3336 offensis
493 3275 762 3336 intervenientibus.
817 3275 1003 3338 Desideravit
1033 3278 1108 3337 enirn

101 3373 330 3436 nonnumquam,
345 3377 390 3418 ne
414 3358 449 3418 de
470 3357 601 3438 pluribus
623 3361 762 3438 referam,
784 3369 815 3422 et
828 3361 866 3422 bl.
883 3360 1036 3439 Agrippae
1058 3378 1107 3439 pa·

102 3441 231 3503 tientiam
251 3451 280 3502 et
296 3441 474 3503 Maecenatis
492 3442 724 3522 taciturnitatem,
742 3462 805 3504 cum
822 3445 872 3504 ille
889 3463 927 3504 ex
943 3443 1004 3503 levi
1016 3443 1107 3523 frigo·

902 3527 945 3586 5*
