2438 3872
116 286 118 289 ,
160 222 222 286 214
238 235 270 287 e.
281 235 432 284 sunuour
444 235 572 296 unaue.
588 235 636 284 nu
652 235 734 284 viru
750 233 935 283 cunsuuuu
949 233 1020 281 mn.
1037 232 1096 281 vn.

161 410 246 473 quam
266 393 447 454 matrimonio
465 391 639 470 destinarat,
663 388 866 453 commendans
887 382 1026 468 reliquias
1043 404 1110 448 suas
1127 396 1156 448 et

159 480 336 538 memoriam.
363 476 509 556 Quidquid
520 474 624 537 deinde
638 476 825 558 epistularum
837 483 910 551 erat,
923 474 1013 534 necui
1027 471 1154 552 periculo

104 597 105 601 =
160 572 317 623 autnuuac
330 560 407 642 apud
418 562 559 622 victorem
570 544 684 639 forent,
698 559 903 624 concremavit.
939 556 1045 618 Diuisit
1062 565 1091 616 ct
1107 574 1155 637 pe
1177 636 1181 640 Π

118 651 151 704 11
160 647 259 708 canius
272 646 439 709 domesticis
462 663 500 706 ex
518 646 603 725 copia
621 646 778 727 praesenti.
808 643 905 724 Atque
925 644 964 704 ita
983 649 1099 722 paratus
1115 642 1156 700 in-

159 739 315 811 tentusque
328 733 385 791 iam
397 732 498 807 morti,
513 730 631 791 tumultu
643 733 719 790 inter
733 744 830 790 moras
848 737 951 788 exorto
972 734 1002 786 ut
1019 743 1087 802 ecs,
1108 725 1182 804 quir

159 815 314 877 discedere
327 824 356 876 et
367 814 447 875 abire
460 813 653 894 coeptabant,
671 814 780 896 corripi
798 815 881 892 quasi
901 812 1071 874 desertores
1086 809 1158 870 deti·

159 901 281 980 uerique
303 901 413 976 sensit,
440 897 622 960 Adiciamcr
646 901 738 978 inquit
762 899 846 960 citae
867 902 897 958 ct
919 896 1001 958 baec
1022 895 1159 958 motem!
1207 959 1208 976 ,

160 985 221 1066 (luis
232 986 307 1065 ipsis
318 983 496 1063 totidemque
508 983 623 1062 verbis)
641 977 789 1062 uetuitque
807 984 864 1042 vim
885 983 1016 1060 cuiquam
1034 981 1112 1050 fleri;
1130 989 1161 1040 et

159 1071 189 1131 in
200 1087 297 1130 serum
308 1087 401 1148 usque
413 1077 531 1148 patente
544 1068 690 1146 cubiculo,
705 1070 730 1130 si
743 1070 806 1148 quis
819 1065 898 1128 adire
912 1065 1018 1143 vellet,
1032 1073 1159 1146 potesta·
1207 1035 1208 1112 l

158 1161 217 1214 tam
230 1155 273 1213 sui
287 1153 429 1232 praebuit.
458 1151 594 1214 Posthac
608 1153 709 1214 sedata
719 1155 766 1213 siti
779 1150 897 1231 gelidae
915 1168 1011 1230 aquae
1021 1151 1160 1230 potione,
1170 1169 1195 1210 ro

158 1238 280 1317 arripuit
291 1236 364 1298 duos
377 1238 521 1317 pugiones
532 1246 562 1298 et
576 1238 729 1319 explorata
740 1239 888 1316 utriusque
905 1237 986 1313 acie,
1004 1253 1068 1296 cum
1088 1234 1161 1296 alte·

157 1339 221 1382 rum
239 1320 358 1401 pulvino
376 1320 568 1399 subdidisset,
593 1321 705 1382 loribus
724 1321 874 1401 adopertis
889 1321 1035 1382 artissimo
1057 1336 1161 1380 somno

158 1407 279 1486 quievit.
312 1405 352 1466 Et
367 1406 445 1467 circa
458 1406 553 1467 lucem
566 1405 678 1468 demum
694 1406 937 1487 expergefactus,
957 1422 1014 1466 uuo
1028 1423 1062 1465 se
1073 1405 1161 1466 traie-

159 1491 201 1551 cit
209 1491 270 1550 ictu
288 1490 364 1551 inira
382 1490 495 1552 laevam
511 1491 668 1571 papillam,
687 1491 971 1572 irrumpentibusque
986 1489 1022 1550 ad
1038 1488 1163 1570 primum
1207 1503 1208 1540 ³

158 1575 296 1653 gemitum
308 1573 395 1636 modo
411 1575 511 1637 celans
523 1575 610 1636 modo
622 1576 766 1654 detegens
779 1575 906 1656 plagam,
924 1575 1106 1636 exanimatus
1116 1581 1163 1634 est
1175 1577 1208 1633 rs*

158 1668 188 1720 et
207 1659 346 1719 celeriter
365 1661 446 1740 (uam
466 1661 505 1720 ita
524 1659 733 1741 praeceperat)
754 1661 920 1737 funeratus,
943 1659 1114 1720 tricensimo
1132 1668 1163 1718 et

157 1752 265 1804 octavo
279 1745 381 1804 aetatis
393 1762 469 1806 anno
485 1753 514 1804 et
527 1747 735 1822 nonagensimo
748 1753 777 1804 et
793 1746 893 1824 quinto
906 1745 1022 1825 imperii
1036 1743 1094 1804 die.

116 1842 150 1896 12
219 1825 312 1888 Tanto
326 1825 448 1889 Othonis
460 1831 555 1890 auimo
565 1845 747 1908 nequaquam
760 1847 868 1908 corpus
880 1839 929 1889 aut
945 1828 1061 1889 habitus
1081 1845 1162 1888 com·
1207 1845 1208 1848 ¹

158 1911 239 1990 petit.
263 1911 366 1973 Fuisse
379 1913 454 1974 enim
466 1922 496 1974 et
506 1912 637 1974 modicae
648 1923 775 1975 staturae
792 1923 821 1973 et
836 1913 912 1974 male
932 1913 1053 1993 pedatus
1066 1929 1162 1974 seam·
1207 1961 1208 1964 ,

156 1995 269 2075 busque
282 1995 418 2074 traditur,
438 1998 636 2058 munditiarum
653 2016 726 2068 vero
746 2008 839 2078 paene
858 1998 1054 2076 muliebrium,
1073 1997 1197 2064 vulsoso

157 2095 295 2158 corpore,
315 2079 479 2156 galericulo
493 2083 580 2162 capiti
593 2092 714 2162 propter
735 2083 882 2144 raritatem
901 2082 1074 2161 capillorum
1093 2080 1163 2142 ada·

157 2168 236 2241 ptato
250 2172 279 2222 et
292 2163 420 2242 adnexo,
436 2176 467 2227 ut
482 2184 568 2227 nemo
586 2167 769 2238 dinosceret;
789 2169 856 2246 quin
878 2167 1028 2227 etfaciam
1052 2165 1164 2226 cotidie
1207 2187 1208 2200 ¹

155 2245 278 2306 rasitare
291 2265 326 2306 ac
345 2266 420 2327 pane
438 2249 552 2311 madido
572 2251 664 2311 liuere
685 2259 872 2328 consuetum,
891 2251 980 2330 idque
998 2251 1164 2310 instituisse

154 2349 172 2390 a
187 2331 279 2410 prima
290 2331 440 2410 lanugine,
451 2353 489 2394 ne
501 2333 638 2395 barbatus
651 2353 782 2414 umquam
795 2344 888 2406 esset;
910 2353 994 2396 sacra
1007 2335 1095 2395 etiam
1107 2333 1163 2394 lsi·

154 2413 198 2474 dis
212 2431 303 2494 saepe
322 2415 352 2475 iu
370 2416 460 2478 lintea
477 2419 679 2497 religiosaque
697 2428 782 2480 veste
800 2420 952 2500 propalam
973 2419 1197 2482 celebrescere

153 2497 210 2560 Per
222 2517 298 2578 quae
308 2499 417 2562 lactum
429 2511 543 2582 putem,
560 2513 589 2562 ut
607 2522 684 2564 mors
697 2507 759 2564 eius
774 2503 889 2564 minime
901 2521 1069 2581 congruens
1081 2505 1165 2564 vitae

151 2584 262 2644 maiore
278 2585 419 2647 miraculo
436 2587 532 2648 luerit.
564 2587 646 2648 Multi
663 2589 859 2666 praesentium
876 2587 996 2649 militum
1014 2606 1080 2648 euru
1097 2589 1165 2668 plu·

152 2668 225 2727 rimo
239 2667 309 2729 lietu
318 2687 417 2730 manus
431 2689 466 2732 ac
479 2672 570 2752 pedes
582 2673 704 2732 iacentis
716 2671 898 2749 exosculati,
911 2673 1103 2733 fortissimum
1120 2675 1165 2732 vi·
1207 2737 1208 2740 ,

152 2767 224 2826 rum,
237 2753 352 2812 unicum
365 2755 570 2834 imperatorem
577 2754 792 2836 praedicantes,
804 2755 911 2818 ibidem
921 2758 1165 2838 statimnecpro·

154 2832 384 2912 cularogovim
396 2843 553 2914 suaeritae
573 2841 744 2910 attuleruut;
764 2840 844 2900 multi
861 2850 889 2901 et
907 2841 1088 2919 absentium,
1114 2861 1165 2903 ac·
1177 2867 1200 2908 uc

152 2926 240 2996 cepto
252 2923 363 2998 nuntio,
376 2940 446 3001 prae
459 2922 561 2984 dolore
571 2926 656 2986 armis
668 2926 743 2984 inter
754 2943 787 2984 se
798 2923 835 2984 ad
846 2925 1077 2986 internecionem
1089 2931 1166 2987 coui-

151 3011 312 3062 eurrerunt.
345 3002 479 3085 Denique
498 3027 602 3086 magna
622 3027 689 3088 pars
709 3009 871 3086 homiuum,
893 3009 1069 3070 incolumem
1091 3029 1165 3088 gra-
1207 3049 1208 3076 1

150 3085 268 3145 vissime
281 3084 439 3167 detestata,
461 3102 601 3153 mortuum
620 3092 752 3152 laudibus
763 3093 844 3170 tulit,
865 3102 897 3153 ut
911 3093 1166 3170 vulgo-iactatum
1206 3161 1208 3170 ,

52 3205 56 3214 -
150 3169 188 3228 sit
205 3170 307 3248 etiam,
336 3171 456 3234 Galbam
477 3175 513 3236 ab
532 3195 568 3237 eo
589 3195 647 3237 non
668 3187 725 3237 tam
742 3176 905 3240 dominandi
923 3195 1008 3256 marn
1020 3180 1064 3238 rei
1080 3197 1112 3259 p.
1126 3181 1176 3240 ac'
1206 3171 1208 3278 l

149 3249 290 3314 libertatis
301 3258 499 3320 restituendae
513 3278 599 3320 eausa
612 3262 824 3341 interemptum.

536 3515 763 3531 ——n--Q-——n-
