2412 3876
459 168 565 216 urvus
584 168 776 218 nuuusrus.
1082 157 1126 220 59

1 319 2 388 ζ
117 324 340 402 ordinavitque,
358 331 452 384 motus
469 323 570 384 iniuria
587 325 746 402 senatoris,
765 341 850 402 quem
864 323 993 385 Puteolis
1008 342 1062 404 per
1078 343 1127 388 oe·

117 408 293 470 leherrimos
308 405 395 492 indu
409 424 551 468 consessu
565 408 711 487 frequenti
732 424 817 468 nemo
830 416 995 488 receperat.
1035 407 1126 470 Facto

117 495 208 572 igitur
231 492 352 552 decreto
375 500 489 569 petrum
498 500 547 568 ut,
571 494 707 571 quotiens
729 493 797 571 quid
822 491 984 571 spectaculi
1005 508 1126 570 nequem

117 575 237 657 publice
252 575 404 651 ederetur,
421 577 530 654 primus
550 575 757 638 subselliorum
774 576 847 638 ordo
867 583 987 636 vacarat
1009 583 1125 638 senato·

90 659 213 737 suibus,
229 660 340 722 Romae
356 657 473 735 legatos
486 659 640 721 liberarum
664 661 865 738 sociarumque
885 661 1013 737 gentium
1034 661 1126 721 vetuit

117 747 147 804 iu
176 743 327 804 orchestra
347 742 468 822 sedere,
496 761 559 804 eum
584 744 724 823 quosdam
745 746 830 804 etium
857 743 984 804 libertini
1004 746 1125 821 generis

1 839 4 854 ¹
116 829 189 892 mitti
217 825 428 907 deprendisset.
473 827 594 890 hlilitem
617 829 746 890 secreuit
770 845 788 888 a
813 828 934 907 populo.
972 827 1124 888 llaritise

117 905 208 992 plebe
222 911 361 990 proprius
375 911 494 974 ordines
507 912 682 990 assignarit,
696 913 886 991 praetextatis
899 929 1021 973 cuneum
1033 930 1124 987 sunm,

118 1006 148 1057 et
163 995 324 1076 proximum
340 994 540 1074 paedagogis,
564 997 715 1074 sanxitque
731 1014 768 1055 ne
785 997 850 1075 quis
871 995 1045 1076 pullatorum
1066 1013 1124 1056 me-

80 1081 165 1140 sodia
182 1096 272 1140 caree
286 1077 414 1138 sederet.
435 1078 563 1140 Feminis
575 1099 613 1140 ue
628 1079 808 1156 gladiatores
823 1079 952 1159 quidem,
967 1097 1041 1159 qnos
1057 1096 1124 1158 pro·

116 1165 227 1224 misene
248 1164 376 1240 spectari
397 1162 540 1226 sollemne
561 1163 629 1223 olim
651 1172 730 1240 erat,
754 1165 808 1224 uisi
835 1183 873 1224 ex
888 1165 1041 1244 superiore
1056 1163 1125 1223 loeo

117 1256 254 1328 spectare
283 1247 439 1308 concessit.
488 1247 566 1308 Solis
591 1247 753 1325 virginibus
778 1247 947 1308 Vestalibus
973 1247 1070 1308 locum
1096 1246 1126 1306 in
1144 1259 1155 1299 t

114 1333 246 1408 theatro,
262 1331 418 1410 separatim
433 1339 463 1390 et
479 1340 580 1391 contra
595 1333 742 1410 praetoris
756 1330 891 1408 tribunal,
910 1330 998 1392 dedit.
1022 1328 1124 1391 Athle-
1159 1385 1161 1390 .

116 1425 210 1476 tarum
224 1431 296 1474 vero
313 1413 483 1492 spectaculo
498 1414 639 1482 muliebre
653 1433 741 1476 eacus
759 1433 843 1474 omne
862 1415 937 1476 adeo
960 1414 1124 1490 summouit,

78 1507 149 1559 scut
168 1497 381 1578 pontificalibus
404 1497 479 1558 ludis
500 1499 628 1576 pugilum
650 1517 703 1577 par
727 1498 905 1578 postulatum
926 1499 1070 1559 distulerit
1096 1498 1125 1558 in

115 1582 299 1660 insequentia
319 1580 377 1642 diei
405 1583 570 1644 matutinum
595 1592 723 1660 tempus,
757 1581 955 1661 edixeritque,
980 1582 1126 1642 mulieres

116 1673 191 1728 aute
204 1665 314 1726 borum
329 1663 466 1744 quietum
479 1666 584 1728 occire
597 1666 629 1726 iu
640 1665 802 1740 theutrum,
820 1683 882 1726 nou
894 1665 1033 1744 plaeere.
1055 1665 1124 1745 lpse
1132 1675 1167 1729 45

116 1751 269 1812 circenses
290 1767 328 1808 ex
343 1748 502 1810 emieorum
521 1749 584 1810 iere
606 1748 834 1827 libertorumque
863 1749 1030 1828 coenaculis
1057 1766 1123 1827 spe·

116 1833 230 1910 ctahut,
255 1832 396 1892 interdurn
419 1849 457 1892 ex
479 1833 639 1912 puluinari,
668 1840 697 1892 et
721 1832 835 1910 quidem
858 1850 922 1892 cum
943 1834 1068 1910 coniuge
1089 1850 1125 1892 ac

76 1917 219 1982 mliberis
232 1915 356 1978 sedens.
396 1917 573 1994 spectaculo
595 1916 734 1996 plurimas
748 1917 853 1992 horas,
873 1915 1028 1996 aliquando
1044 1924 1124 1976 totos

114 2003 181 2062 dies
202 1999 319 2078 aberat,
346 2001 436 2078 petita
458 2001 542 2062 venia
564 2000 830 2078 commendatisque
853 2002 902 2079 qui
924 2017 1003 2062 auam
1028 2001 1124 2059 vicem

114 2081 310 2166 praesidendo
338 2082 537 2160 iungerentur.
583 2086 692 2146 Verum
723 2086 857 2162 quotiens
890 2084 1025 2161 adesset,
1053 2083 1123 2144 nihil

115 2177 271 2248 praeterea
293 2165 418 2244 agebat,
446 2160 498 2228 sen
517 2167 625 2228 vitandi
650 2168 774 2232 rumoris
788 2181 900 2247 'cauom
927 2186 984 2249 quo
1011 2178 1123 2248 patrem

116 2251 276 2315 Gaesarem
303 2251 393 2328 vulgo
417 2250 627 2330 reprehensum
653 2253 915 2330 commemorabat,
941 2251 1018 2331 qnod
1047 2255 1123 2312 iuter
1173 2307 1175 2314 .

77 2334 306 2416 suspectandum
332 2335 465 2414 epistolis
490 2334 662 2414 libellisque
681 2335 815 2414 legendis
842 2345 891 2396 ant
924 2336 1123 2396 rescribendis

114 2428 251 2496 vacaret,
279 2437 331 2480 sen
354 2419 450 2480 sunnio
472 2419 624 2498 spectandi
646 2438 682 2480 ac
703 2421 871 2499 voluptate,
899 2437 955 2498 qna
975 2418 1069 2478 teneri
1090 2436 1123 2478 se

7 2558 11 2573 ,
114 2521 212 2581 neque
230 2502 418 2572 dissimularit
438 2520 571 2582 nmquam
595 2513 624 2562 et
643 2521 734 2582 saepe
756 2505 882 2580 ingenue
898 2502 1051 2582 professus
1066 2511 1121 2562 est.

5 2588 10 2605 ¹
114 2587 218 2665 ltaque
233 2586 388 2647 corollaria
409 2594 438 2646 et
453 2589 581 2665 praemia
601 2590 629 2646 iu
645 2586 747 2648 alienis
769 2604 886 2666 quoqne
900 2586 1066 2646 muneribus
1086 2603 1122 2646 ec

115 2669 191 2732 ludis
206 2678 237 2729 et
252 2669 354 2730 crebra
371 2679 400 2730 et
414 2671 533 2748 grandia
550 2669 586 2732 de
606 2688 661 2731 sno
685 2670 844 2748 olierehat,
865 2669 993 2750 nullique
1008 2670 1121 2732 Graeco

79 2753 266 2820 ascertamiui
282 2755 425 2830 interluit,
442 2771 499 2834 quo
517 2773 575 2816 uon
592 2773 646 2834 pro
658 2756 762 2816 merito
786 2773 929 2834 quemque
952 2756 1122 2815 certantium

114 2838 279 2900 honorarit.
313 2839 464 2918 spectavit
477 2848 571 2902 eutem
586 2838 795 2900 studiosissime
817 2839 933 2918 pugiles
949 2845 979 2898 et
998 2839 1122 2899 maxime

114 2921 251 3000 Latinos,
275 2938 333 2983 non
355 2922 502 3000 legitimos
524 2932 609 3002 atque
631 2922 794 2986 ordinarios
812 2923 915 3002 modo,
938 2940 1012 3002 quos
1037 2923 1123 2984 etium
1179 2954 1182 2962 ·

116 3007 296 3083 committere
314 3025 378 3066 cnm
396 3005 518 3071 Graecis
534 3006 665 3084 solebat,
690 3006 786 3068 sedet
803 3007 983 3068 cateruarios
1001 3005 1122 3086 oppida·

114 3090 441 3168 nos‘,5interanqnstias
456 3093 588 3164 vicorum·
609 3093 762 3170 pugnantis
782 3100 893 3152 temere
913 3110 949 3152 ao
969 3091 1032 3150 sine
1049 3098 1121 3150 arte.

1 3165 5 3205 '²
77 3173 289 3250 ”Universum
305 3174 428 3254 denique
446 3193 540 3252 genus
556 3192 663 3254 operas
683 3174 793 3255 aliquas
808 3174 927 3256 publico
949 3172 1121 3254 spectaculo

114 3255 316 3338 praebentium
337 3260 426 3328 etiam,
445 3278 514 3321 eura
531 3277 582 3320 ana
600 3259 806 3336 dignatusest:
825 3258 942 3319 athletis
957 3266 987 3317 et
1002 3274 1122 3317 conser-
1145 3263 1151 3274 ‘

113 3345 195 3405 ravit
218 3343 375 3422 privilegia
397 3352 426 3406 et
447 3343 609 3422 emphasim
631 3343 811 3420 gladiatores
836 3343 898 3402 siue
918 3342 1057 3400 missione
1073 3339 1122 3399 edi

113 3425 278 3506 prohibnit;
306 3427 516 3490 coercitionem
548 3428 578 3486 iu
602 3427 759 3488 histriones
785 3424 1016 3506 magistratibus,
1044 3424 1121 3485 omni
