2416 3876
222 227 500 276 DEPERDITORUM
522 227 704 276 LIBRORUM
726 227 926 288 RELIQUIAE.
1020 219 1082 281 317

137 382 234 444 Orare
256 392 286 444 at
307 383 484 462 triumphare
505 383 562 444 hoc
585 383 699 461 differt,
720 382 797 463 quod
817 382 995 462 triumphans
1011 401 1080 462 qua·

54 465 166 546 drigis
182 466 298 528 vehitur
314 476 344 527 et
365 477 520 528 coronatus
541 468 641 529 laurea
660 484 771 528 corona
792 465 978 546 subsequitur
999 484 1080 546 pom·

55 569 154 628 pam;
180 553 229 631 qui
244 559 339 612 autem
356 561 440 628 ovat,
462 559 509 611 aut
531 570 620 630 snper
636 569 739 632 equum
754 550 891 631 tripudiat
909 559 957 611 aut
978 553 1081 613 mirtea

57 652 185 696 corona
203 638 314 699 cinctus
331 653 466 716 pompam
479 637 640 714 praecedit.

1 739 42 794 ¹u
137 719 245 780 Omnes
275 729 397 780 cunctos
432 728 461 779 et
490 721 662 800 universos]
693 737 794 780 omnes
821 739 941 798 qnorum
972 721 1079 780 mentio

56 812 131 872 est;
158 805 254 864 cunuti
269 806 318 884 qui
333 804 439 883 ubique
454 813 533 873 suut;
552 806 679 864 universi
695 814 837 882 tamquam
849 805 877 862 in
895 823 980 864 unum
991 807 1078 866 versi.
1182 823 1184 826 ’

141 886 235 949 (trare
250 896 280 948 et
297 889 426 988 precari}
444 904 530 949 orare
545 888 648 949 dicitur
664 891 798 967 quoniam
819 889 879 948 oris
899 891 974 949 ratio
989 887 1079 964 duait,

58 974 164 1051 etqui
185 981 249 1034 orat
271 973 356 1034 etiarn
374 981 512 1052 precatur
525 982 559 1033 ut
571 971 698 1034 Eccos-at
714 989 851 1072 pacamur
873 981 902 1032 at
926 975 974 1073 qui
994 981 1081 1050 rogat

57 1073 131 1116 non
148 1058 246 1136 utique
265 1067 345 1134 orat,
365 1055 417 1116 sed
432 1056 625 1136 deprecatur,
647 1057 736 1137 quod
742 1057 828 1118 etiam
843 1057 969 1136 imperiti
982 1056 1018 1118 ad
1030 1055 1079 1116 de·

16 1165 47 1207 no
61 1140 251 1220 precandum
268 1139 457 1202 descendunt.

59 1307 72 1370 1
133 1223 225 1285 Omne
247 1234 278 1285 et
296 1225 400 1304 totum}
418 1241 503 1286 nnana
517 1227 734 1286 universitatem
752 1183 909 1306 significat,
925 1234 1015 1286 totum
1030 1242 1078 1286 so·

74 1309 222 1370 iditatnm.

135 1392 286 1454 Ostentum
310 1403 469 1453 monstrum
496 1403 525 1453 et
553 1394 730 1473 prodigium]
755 1403 899 1455 ostentum
921 1395 985 1454 sine
1014 1412 1078 1455 cor-

60 1495 148 1558 pore
168 1477 265 1541 solido
288 1478 372 1539 nobis
395 1495 428 1538 se
449 1476 576 1538 ostendit
594 1487 625 1538 et
645 1479 738 1540 oculis
759 1487 788 1538 et
804 1477 920 1538 auribus
942 1477 1077 1553 obicitur,

20 1583 50 1625 ιι
63 1571 101 1623 ut
117 1561 242 1622 interdiu
259 1563 412 1639 tenebrae,
432 1571 520 1622 nocta
534 1561 598 1630 lux;
611 1625 613 1628 ,
624 1562 788 1640 prodigium
804 1563 882 1641 quod
897 1560 998 1622 solidis
1015 1577 1078 1621 cor·

61 1645 192 1728 poribus
205 1648 394 1725 conspicitur,
413 1655 443 1706 ut
459 1645 589 1706 incaelo
605 1656 736 1706 cometes
754 1646 840 1707 stella
855 1655 903 1707 aut
917 1645 981 1715 fam
999 1661 1077 1705 mon·

62 1741 162 1791 strum
178 1729 256 1810 qnod
274 1730 404 1810 [contra]
427 1739 556 1791 naturam
569 1733 715 1809 cognitam
731 1729 891 1809 agreditur,
906 1739 936 1790 ut
951 1747 1078 1810 serpens

63 1812 603 1895 mfflmmmfflm

133 1899 300 1998 Propepare
320 1906 351 1958 et
372 1899 526 1978 destinare}
543 1907 684 1977 properat
702 1900 750 1978 qui
766 1896 1003 1978 unumquodque
1019 1916 1077 1957 ma·

23 2001 60 2042 ιι
65 1992 136 2044 ture
152 1982 302 2060 transigit;
319 1983 439 2044 festinat
454 1985 502 2061 qui
518 1982 602 2042 simul
616 1983 704 2043 muita
721 1984 822 2063 incipit
837 2000 894 2044 nec
909 1981 1034 2062 perficit.

85 2152 96 2214 l
132 2066 274 2128 Polliceri
300 2075 329 2127 et
351 2068 535 2147 promittere}
551 2068 742 2167 promittimus
764 2070 878 2147 rogati,
904 2065 1078 2147 pollicemur

62 2171 84 2214 u
97 2162 157 2214 tro.
219 2175 225 2188 ¹

134 2236 269 2298 Pecudss
287 2246 318 2298 et
332 2235 457 2317 pecora]
476 2235 605 2334 pecudes
621 2251 694 2294 oves
711 2243 819 2296 tantum
834 2235 1009 2316 accipimus,
1025 2254 1076 2316 pe-

65 2338 142 2382 oora
158 2330 255 2382 autem
269 2321 394 2382 mixtura
411 2323 535 2380 omnium
550 2318 712 2380 animalium
731 2329 787 2380 est.

28 2429 56 2472 ss
131 2404 229 2465 Palam
252 2415 281 2465 et
303 2405 414 2506 coram]
439 2402 533 2483 palam
559 2404 683 2464 omnium
704 2405 899 2483 praesentium
922 2412 1007 2480 nota,
1028 2421 1076 2464 co·

65 2507 131 2551 rana
149 2507 306 2569 personam
321 2493 459 2568 accipere
475 2487 631 2548 desiderat.

133 2574 263 2635 Patrium
278 2582 308 2634 et
326 2572 489 2652 paternum]
509 2573 632 2650 patarum
646 2589 662 2631 a
679 2572 772 2650 patria
786 2573 880 2650 venit,
895 2579 1044 2650 paternum
1061 2589 1078 2630 a

1 2698 2 2706 ι
90 2666 165 2719 atre.

67 2677 88 2739 P
132 2741 264 2802 Pomaria
280 2750 310 2803 et
327 2740 456 2820 pometa]
474 2741 602 2820 pomaria
620 2756 690 2799 vasa
706 2737 842 2817 dicimus,
858 2739 934 2799 sinut
948 2737 1076 2808 olearia;

31 2848 58 2894 ιι
69 2835 190 2907 pometa
206 2827 282 2888 sicut
299 2823 407 2888 oliveta
422 2833 452 2885 et
467 2826 564 2904 ficeto,
579 2823 694 2884 maleta

1 2968 2 2982 ι
132 2911 218 2972 Prior
232 2911 313 2971 venit
335 2919 364 2971 et
384 2909 558 2990 antevenit]
582 2911 664 2989 prior
687 2907 723 2968 ad
744 2905 928 2986 dignitatem,
953 2916 1020 2968 ante
1042 2907 1078 2968 ad

68 3004 185 3075 tempus
201 2994 336 3056 retertur.

133 3080 259 3141 Primum
287 3088 316 3140 et
344 3078 485 3159 priorem]
516 3078 598 3158 prior
618 3077 763 3138 aiterum
769 3076 936 3155 praecedit,
967 3076 1076 3156 primus

1 3183 2 3186 ¹
68 3180 182 3226 omnes.

33 3265 60 3310 ιι
133 3248 277 3327 Proprius
298 3257 327 3308 et
341 3246 476 3326 propius]
493 3247 631 3326 proprius
649 3245 771 3322 domini,
795 3244 916 3324 propius
939 3251 985 3304 cst
1005 3244 1074 3306 loci.

62 3335 64 3339 ‘
134 3331 221 3393 Paret
237 3339 266 3392 et
280 3330 416 3432 apparet]
430 3331 538 3410 paret
529 3331 663 3408 imperio,
681 3337 803 3410 apparet
817 3327 991 3390 videntibus.

133 3415 218 3478 Putat
237 3418 382 3477 existimat
400 3416 534 3494 opinatur
561 3415 716 3476 arbitratur
738 3422 768 3476 et
791 3415 955 3493 suspicatur
974 3413 1003 3474 id
1024 3410 1077 3474 dii·

1 3578 2 3581 ¹
70 3500 140 3582 fert}
160 3508 241 3581 putat
255 3519 304 3581 qur
296 3499 446 3578 dubitat,
465 3501 609 3561 existimat
626 3501 675 3579 qui
692 3516 727 3560 ea
748 3515 822 3579 quaa
839 3506 904 3560 anta
926 3507 992 3559 sunt
1010 3515 1076 3577 pcr-
