2408 3870
412 149 619 200 obnubilato.
845 153 962 204 xxxin

55 313 161 371 Galbae
185 309 322 380 Othonia,
348 308 571 367 narratiunculae
599 307 734 380 quaedam
759 309 895 368 diotorum
915 311 962 370 vel

2 409 6 429 ⁴
57 399 192 453 laetorum
206 392 434 452 memorabilium.
479 391 623 448 Postremo
640 393 777 450 adduntur
791 394 825 450 de
842 393 962 454 l'raiano

57 487 84 536 et
103 479 221 535 loviano
242 475 325 550 pauci
342 475 476 532 versieuli
497 491 533 530 ex
552 469 698 552 Oroeio²²)
716 475 861 550 descripti.
906 478 963 538 co.

57 563 120 620 dioe
148 559 321 618 Suetoniauo
345 573 412 616 urus
434 564 477 615 eat
502 558 596 631 isqui
622 560 677 616 hoo
697 558 865 631 florilegium
886 577 963 620 oom-

57 646 156 720 pitavit
183 642 394 715 antiquissimo,
415 641 461 714 qui
485 641 648 722 plerumque
670 659 730 700 oum
751 643 913 702 llemmiauo
934 649 964 701 et

11 773 15 781 .
57 727 208 786 virtutibus
226 733 254 782 et
269 725 346 784 vitiis
368 725 562 798 eonspirahat‚
582 743 677 784 verum
698 743 898 799 nonnumquam
919 728 962 784 in-

57 813 167 883 tegrior
195 810 245 867 illo
272 809 360 865 fuisse
390 807 508 868 uidetur.
554 809 603 868 ste
623 811 698 882 quod
725 809 829 882 legitur
857 812 885 867 in
911 814 964 868 hae

57 895 180 970 epita-e
198 894 306 964 turpius
320 907 409 963 pereo
428 910 480 966 pro
503 896 622 964 turpiter
635 911 662 967 p.
679 901 743 965 195,
758 899 809 964 38,
826 894 855 950 id
872 894 964 952 oodiei

56 979 177 1036 nonduin
200 978 334 1033 lauunoso
357 975 491 1042 debetur;
517 978 638 1036 lortasee
659 977 742 1034 etiam
765 977 896 1034 omissum
910 994 963 1050 quo

55 1079 83 1138 p.
98 1067 150 1132 tu,
171 1067 206 1121 18
221 1061 341 1116 nondum
355 1059 534 1132 interpolato.
550 1088 592 1103 —
606 1059 686 1117 Alter
702 1062 794 1118 oodex
810 1060 963 1132 Parisinus,

56 1141 276 1227 ‘llatae-Deme
306 1143 374 1204 188⁹
406 1144 556 1218 inscriptus
587 1151 615 1202 et
643 1162 659 1202 a
687 1145 780 1202 multis
809 1145 963 1218 inspectus,

56 1245 133 1287 eaeo.
159 1227 224 1284 Xlll
247 1227 424 1298 conscriptus
447 1236 492 1285 est
518 1230 719 1301 multorumque
741 1233 794 1285 mm
820 1235 965 1300 poetarum

55 1328 137 1386 quam
163 1318 305 1368 oratorum
330 1311 486 1368 Latinorum
510 1313 591 1368 modo
614 1311 744 1368 continua
767 1311 859 1384 oapita
882 1312 964 1368 modo

56 1389 212 1470 deoerptoe
227 1395 361 1452 lloseulos
383 1395 515 1451 eontinet.
560 1391 606 1452 ho'
618 1394 788 1452 Suetoniaue
804 1394 966 1468 compilatio
1000 1393 1011 1414 ·

55 1480 142 1538 multa
168 1477 285 1536 uberior
312 1477 422 1551 quidem
449 1485 493 1536 est
517 1479 680 1552 superiore,
705 1479 757 1536 sed
779 1479 853 1535 baud
876 1493 966 1550 aeque

2 1628 4 1632 ,
56 1563 207 1634 eleganter
229 1557 320 1631 iaetu,
345 1577 405 1618 eum
428 1579 500 1618 nuno
521 1561 703 1635 pleniinstar
725 1559 881 1636 apographi
901 1576 966 1618 esse

54 1647 167 1722 possit,
184 1661 256 1701 nuno
271 1645 415 1702 multarum
430 1646 608 1718 paginarum,
630 1651 659 1700 nt
674 1662 701 1718 p.
718 1652 825 1711 3-183
840 1650 966 1718 utu-463

55 1733 187 1793 28-973
210 1733 373 1792 118-1243
399 1736 560 1794 ree-1623
586 1733 731 1790 lot—173
751 1729 825 1784 nulla
850 1736 897 1784 aut
920 1727 969 1784 uix

55 1814 154 1871 tenuia
178 1812 314 1884 quaedam
339 1811 459 1884 vestigia
482 1813 638 1885 reliquerit.
683 1811 818 1867 Adhibuit
847 1812 969 1882 scriptor

55 1897 187 1955 oodieeua
205 1897 233 1950 in
249 1893 299 1951 llll
314 1895 403 1966 libros
417 1897 593 1954 distributum
608 1903 636 1952 et
651 1894 768 1953 llediuei
784 1895 866 1966 primi
881 1893 969 1950 einril-

55 1979 170 2050 limum,
192 1985 222 2036 ut
243 1980 313 2034 haee
330 1981 456 2053 exempla
476 1982 680 2037 demonstrant:
700 1996 728 2050 p·
743 1985 774 2048 5,
789 1983 832 2038 at.
848 1984 883 2038 28
901 1993 967 2032 con-

56 2065 213 2121 citauerunt
227 2068 255 2118 et
272 2063 403 2132 potiundi
409 2081 416 2128 ;
435 2071 479 2135 30,
497 2073 531 2123 10
544 2065 712 2124 moabitem
732 2065 777 2133 75,
792 2069 825 2123 35
840 2064 966 2135 eloquen-

57 2149 128 2216 tioee
149 2144 212 2216 195,
227 2146 262 2222 2q
277 2155 370 2200 coram
386 2160 424 2203 se.
469 2148 540 2204 lllud
557 2163 667 2219 quoque
683 2161 738 2204 uon
754 2145 897 2218 indiguum
910 2160 968 2202 me·
995 2155 1018 2213 γ

60 2231 149 2289 moria
165 2230 256 2298 duee,
278 2229 349 2284 haeo
370 2235 487 2303 utraque
508 2238 641 2302 excerpta
665 2244 718 2303 pro
739 2229 851 2302 integro
867 2228 968 2285 Sueto·
996 2249 1001 2258 ·

9 2345 12 2348 -
61 2308 151 2382 nio²⁸)
166 2313 202 2370 ad
223 2327 319 2368 manue
341 2313 527 2389 seripturibus
543 2314 651 2370 duobus
673 2312 781 2372 madiae
799 2313 898 2370 aetatis
918 2329 968 2384 φι-

129 2516 178 2582 22)
197 2518 299 2568 Praeter
314 2515 462 2568 Suetonium
477 2524 502 2566 et
518 2515 633 2566 Orosium
653 2530 703 2566 nen
719 2517 794 2567 video
815 2531 860 2566 our
880 2517 968 2583 plures

32 2636 34 2640 .
60 2586 139 2638 libros
156 2587 179 2638 is
194 2585 302 2653 scriptor
318 2583 465 2637 adhibuisse
479 2585 590 2647 dieatur,
610 2599 692 2648 neque
711 2585 762 2635 ulla
778 2594 817 2636 eat
831 2599 908 2636 eausa
924 2599 969 2635 cnr

61 2654 179 2707 Suetonii
195 2655 339 2722 exemplum
357 2662 454 2704 statuas
469 2655 493 2703 ei
507 2653 540 2703 ad
554 2667 658 2702 manum
682 2652 764 2705 luleae
778 2653 842 2706 miro
859 2653 969 2719 quodum

22 2742 24 2744 ·
59 2723 137 2776 medo
154 2723 350 2786 concinnatum,
368 2736 418 2786 quo
434 2730 458 2772 et
474 2723 531 2788 ipso
547 2720 653 2771 Orosius
669 2736 732 2774 uene
747 2722 789 2774 eit.
827 2721 968 2784 Quaecum-

59 2807 110 2859 que
125 2805 141 2841 a
156 2791 302 2856 Tranquillo
316 2791 399 2842 aliena
413 2799 484 2850 eunt,
507 2789 595 2841 Oresio
610 2789 741 2841 debentur.
776 2789 913 2843 Maximum
935 2791 970 2843 alt
1017 2813 1025 2826 ·

58 2876 84 2928 p.
101 2859 166 2923 183,
181 2862 214 2912 27
232 2859 327 2911 retibus
344 2861 429 2909 aureis
448 2874 512 2924 quae
525 2859 629 2920 funibus
641 2863 779 2921 purpureae
795 2863 836 2910 vet
846 2861 970 2913 coccineis

59 2929 273 2990 mundabantur,
292 2928 336 2980 ubi
349 2926 471 2979 Oroslauu
490 2927 585 2991 retibus
598 2929 684 2978 altreie
696 2943 760 2992 qnae
776 2933 912 2992 purpureis
926 2929 969 2993 fu·

59 2997 133 3050 nibus
145 2997 346 3050 estratehmmr
360 2997 502 3048 necessario
522 2995 698 3046 substituenda
718 2996 835 3059 inerunt,
854 2997 922 3062 quod
942 2997 971 3048 in
1079 3028 1093 3038 ι

60 3065 218 3120 Suetouiauo
241 3065 357 3132 exemplo
374 3074 490 3131 corrupte
508 3073 577 3116 ueste
596 3071 687 3114 aurato
705 3065 826 3131 seriptum
843 3067 968 3120 exstabat.

60 3133 104 3188 Sia
128 3135 198 3188 enlm
219 3134 394 3186 Memmianus.
431 3135 493 3183 Item
514 3148 540 3198 p.
561 3133 610 3194 22,
635 3133 651 3184 6
670 3133 821 3184 versiculum
842 3134 971 3202 integrum

60 3203 164 3272 querat
178 3217 237 3255 oum
250 3203 410 3254 blemmlauo.
543 3239 546 3242 .

131 3271 178 3339 28)
203 3273 320 3324 Ceterum
343 3284 394 3328 uon
414 3283 481 3337 nego
500 3269 588 3322 Oresio
613 3285 712 3336 qnoque
731 3279 833 3322 annotare
849 3269 969 3320 Saresbe—

60 3341 172 3396 rientem
193 3340 309 3394 Suetonii
332 3339 409 3392 verba
434 3339 524 3390 afferre
543 3347 570 3389 ut
593 3339 624 3399 8,
649 3339 680 3392 18
700 3350 723 3388 et
742 3337 781 3389 19.
818 3339 901 3390 Semel
925 3351 969 3387 ue·

61 3421 112 3477 qne
137 3411 192 3462 aine
214 3409 331 3461 cantione
355 3422 401 3476 peu·
423 3422 451 3458 ee
479 3408 625 3459 nominatim
651 3409 788 3474 appellavit
814 3405 969 3466 Suetonium,

103 3497 243 3534 “mom
762 3498 778 3532 θ
