2412 3876
494 187 598 236 aruns
620 187 748 238 munis.
1085 174 1124 237 21

121 347 212 410 adbuc
227 353 257 406 et
270 344 453 413 obaeratum
471 342 501 403 iu
524 341 759 423 expeditionibus
786 343 938 406 tessellata
959 350 989 404 et
1012 342 1127 404 sectilia

120 433 284 514 pavimenta
309 426 533 499 circumtulisse;
560 426 735 489 Britanniam
757 427 869 506 petisse
900 445 954 507 spe
984 427 1168 504 margati-47

121 526 227 592 tarum,
259 528 379 591 quarum
414 510 627 590 amplitudinem
662 511 863 574 conferentem
901 509 1043 574 interdum
1076 529 1128 572 sna

120 619 204 660 manu
220 597 358 674 exegisse
374 594 502 675 pondus;
526 613 670 674 gemmas,
690 604 867 674 toreumata,
890 597 994 675 sigua,
1015 593 1128 656 tabulas

100 683 221 764 soperis
246 681 353 760 antiqui
382 696 499 759 semper
531 679 739 740 animosissime
773 696 978 760 comparasse;
1009 679 1130 740 servitia

120 770 248 830 rectiora
264 764 457 844 politioraque
480 766 611 824 inmenso
635 764 748 843 pretio,
771 771 802 823 et
825 764 906 824 cuins
930 765 1023 843 ipsum
1040 765 1129 824 etiam

121 851 261 935 puderet,
284 849 327 908 sic
344 855 375 908 ut
394 848 554 908 rationibus
575 856 690 908 vetaret
711 846 828 917 inferri;
856 848 1040 909 convivatum
1056 848 1174 928 assi-ld

122 936 177 997 due
193 951 248 1014 per
269 932 437 1012 provincias
458 931 571 992 dnobus
588 931 740 1009 tricliniis,
761 948 897 1011 unoquo
914 933 1008 1010 sagati
1028 931 1128 1011 pallia·

53 1061 54 1068 κ
121 1022 197 1094 tive,
220 1017 313 1078 altero
331 1033 387 1097 quo
403 1017 494 1092 togati
510 1033 574 1076 cnm
594 1014 809 1076 inlustrioribus
833 1016 1050 1095 prouinciarum
1072 1015 1127 1076 dis·

89 1101 300 1164 accumberent.
336 1099 531 1161 Domestioam
550 1097 732 1180 disciplinam
752 1099 781 1159 in
802 1101 900 1179 parvis
921 1117 957 1161 ac
971 1099 1128 1161 maioribus

121 1186 210 1248 rebus
232 1185 388 1262 diligenter
408 1182 482 1244 adeo
502 1202 666 1264 severeque
687 1185 781 1261 rexit,
809 1192 840 1245 ut
855 1187 1013 1263 pistorem,
1043 1183 1127 1246 aliurn

122 1289 215 1351 qnam
228 1268 284 1328 sibi
305 1286 410 1348 panem
431 1269 562 1328 convivis
584 1268 790 1345 subicientem,
812 1268 1002 1348 compedibus
1026 1271 1126 1328 vinxe-

121 1356 173 1424 rit;
207 1353 342 1413 libertum
368 1353 560 1430 gratissimum
591 1353 628 1412 ob
656 1351 844 1413 adulteratam
872 1353 977 1432 equitis
1004 1352 1126 1413 Romani

121 1440 260 1513 uxorem,
282 1438 411 1516 quantus
427 1437 507 1498 nullo
525 1445 684 1515 querente,
704 1436 823 1516 capitali
840 1453 937 1515 poena
954 1436 1104 1499 adfecerit.
1167 1510 1174 1522 ·

27 1517 30 1522 ’
91 1539 115 1584 lo
188 1521 347 1581 Pudicitiae
368 1521 431 1580 eius
453 1521 555 1582 famam
578 1520 648 1580 nihil
673 1519 787 1600 quidem
814 1530 931 1599 praeter
956 1519 1168 1582 Nicomedistt

123 1604 342 1667 contubernium
362 1603 462 1681 laesit,
491 1605 575 1682 graui
597 1613 691 1664 tamen
716 1613 745 1663 et
768 1605 890 1684 perenni
913 1604 1074 1683 obprobrio
1098 1613 1128 1665 et
1154 1662 1166 1684 x,

122 1687 160 1752 ad
182 1688 305 1749 omnium
327 1689 451 1749 convitia
476 1688 622 1768 exposito.
667 1685 772 1748 Omitto
798 1684 881 1748 Calui
902 1687 994 1748 Licini
1011 1688 1126 1748 notissi·

121 1790 187 1834 mos
201 1789 322 1832 versus:

728 1859 1002 1933 Biatpntaquthctd

1 1941 2 1958 ¹
85 1952 112 1994 2⁰
250 1943 459 2016 Etpacdicator
473 1943 603 2002 Caesaris
623 1960 753 2015 umquam
766 1943 867 2005 babuit.

115 2026 281 2088 ‚Praetereo
311 2023 442 2084 actiones
462 2020 636 2082 Dolabellae
658 2031 687 2082 et
717 2015 850 2095 Curionis
881 2026 988 2103 patris,
1016 2025 1046 2085 in
1067 2026 1126 2104 qui·

122 2107 269 2168 bus'eum
293 2104 447 2166 Dolabella
469 2106 597 2184 pelicem
611 2108 755 2186 rapinae,
785 2107 937 2186 spondam
950 2108 1129 2173 interiorem

16 2205 22 2213 ·
122 2189 231 2272 sepiae
245 2189 388 2267 lecticae,
415 2207 449 2250 ac
476 2188 563 2250 (lunio
589 2189 744 2252 stabolum
766 2188 944 2280 Nicomedis
966 2199 997 2256 ct
1019 2192 1125 2274 Bithy-

120 2275 226 2339 rta'cuns
254 2273 405 2352 fornicem
429 2273 535 2334 dicunt.
578 2274 667 2334 llissa
695 2276 779 2337 etiam
802 2277 879 2338 facio
907 2277 1001 2338 edicta
1020 2277 1126 2355 Bibuli,
1193 2305 1197 2311 ·

83 2359 228 2440 inquibus
250 2358 424 2437 proscripsit
441 2357 590 2437 collegam
603 2377 692 2419 aarum
707 2358 902 2440 Bithynicum
915 2362 1065 2441 repletum,
1083 2361 1124 2422 ei·

122 2451 183 2524 'que
204 2447 297 2502 anteo
316 2459 419 2521 repens
436 2441 537 2520 fcisse
559 2443 665 2520 cordi,
692 2463 773 2506 ncnc
795 2463 864 2506 esse
886 2450 1022 2524 repcom.
1062 2446 1126 2520 Quo

121 2529 273 2605 ternpore,
306 2535 336 2586 ut
352 2526 467 2587 Marcus
482 2525 586 2587 Brutus
605 2527 711 2606 refert,
735 2527 871 2588 Octavius
894 2530 980 2590 ctiam
1002 2529 1126 2607 quidam,

120 2609 281 2672 valitudine
309 2611 413 2670 mentis
439 2609 558 2670 liberius
590 2611 692 2689 dicax,
723 2621 870 2672 conventu
896 2614 1039 2690 maximo,
1064 2631 1127 2674 cunr

120 2693 293 2772 Pompeium
325 2710 428 2772 regern
465 2693 659 2774 appellasset,
700 2697 793 2776 ipsum
823 2699 953 2775 reginam
982 2697 1125 2760 salutavit.

82 2791 111 2834 so
125 2777 186 2839 Sed
210 2774 243 2838 G.
258 2777 407 2839 Memmius
425 2779 510 2841 etiam
528 2779 564 2838 ad
586 2779 718 2854 cyathum
739 2790 769 2840 et
785 2781 881 2841 vinum
897 2780 1048 2842 Nicomedi
1068 2790 1125 2842 ste·

120 2864 196 2922 tisse
216 2862 322 2939 obicit,
352 2881 416 2934 cum
436 2863 556 2941 reliquis
580 2863 722 2941 exoletis,
751 2865 839 2944 pleno
866 2866 1018 2944 convivio,
1041 2883 1126 2927 accu-

120 2946 257 3007 bantibus
287 2946 430 3008 nonnullis
459 2946 568 3028 urbicis
597 2949 845 3026 negotiatoribus,
883 2967 1003 3029 quorum
1034 2951 1128 3011 refert

119 3031 248 3091 nomina.
287 3029 393 3092 Cicero
410 3048 482 3092 vero
506 3047 563 3090 non
581 3040 733 3092 contentus
753 3033 781 3092 in
805 3032 973 3113 quibusdam
994 3034 1127 3114 epistulis

119 3116 294 3194 scripsisse,
316 3134 332 3176 a
353 3114 524 3176 satellitibus
548 3132 613 3175 cum
633 3117 661 3176 in
684 3116 845 3178 cubiculum
863 3120 976 3196 regium
993 3119 1128 3179 eductum

79 3198 152 3260 asin
175 3215 265 3260 aureo
283 3198 362 3264 lecto
380 3208 464 3260 veste
488 3217 634 3279 purpurea
655 3199 846 3278 decubuisse,
869 3201 1029 3282 floremque
1050 3211 1127 3262 acta-

118 3282 159 3342 tis
182 3284 333 3344 aVenere
349 3286 404 3344 orti
423 3285 452 3344 in
465 3282 597 3360 Bithynia
621 3287 857 3362 contaminatum,
879 3284 1022 3365 quondam
1042 3288 1127 3346 etiam

116 3367 149 3426 in
173 3375 277 3428 senatu
299 3365 467 3428 defendenti
494 3368 522 3428 ei
547 3367 646 3444 Nysae
678 3386 809 3447 causam,
842 3369 919 3430 filiae
947 3369 1127 3448 Nicomedis,

117 3449 327 3532 beneficiaque
357 3453 437 3530 regis
469 3453 497 3511 in
526 3470 558 3512 se
591 3453 825 3516 commemoranti
849 3452 999 3530 liemcce,
1026 3455 1127 3532 inquit,
