2408 3870
227 237 265 286 vr
570 233 781 286 nnsnrnnro.
867 220 876 232 ''

232 401 378 471 postquam
394 393 443 451 tali
463 393 662 466 aequabilitate
685 396 843 468 complures
863 393 1017 467 scrIptores
1032 392 1138 464 antiqui
1201 451 1203 470 ε

233 479 311 536 ielici
326 483 427 536 eventu
444 479 479 534 ad
494 478 614 550 opIImos
629 479 717 535 libros
736 479 829 536 exacti
844 483 923 548 sunt,
941 476 1056 534 eandem
1070 491 1138 532 con-

232 561 361 620 stantiam
383 561 412 616 iu
437 562 492 618 hoc
517 561 658 635 scriptore
679 576 734 617 non
758 560 862 618 diutius
884 559 1040 617 desidereri
1059 560 1137 632 passi

227 662 342 716 sumus,
361 650 390 701 et
409 643 464 701 nisi
485 645 654 703 voluntatem
673 644 751 702 ¹vires
773 645 953 714 deiecerunt,
977 645 1032 700 Inoc
1054 659 1139 717 pree-

231 737 307 786 stare
322 727 416 785 consti
433 744 543 798 sumus,
562 735 593 784 ut
607 727 817 801 antIquissimoe
832 728 1001 800 eosdemque
1016 726 1138 800 optimos

231 815 320 880 libros
337 817 433 868 nostra
449 811 536 868 editio
558 812 708 884 utriquest
729 812 758 868 iu
780 812 907 868 omnibus
929 811 1013 867 rebus
1035 826 1138 881 aequa-

230 896 327 953 biliter
341 895 472 952 referret.
508 895 540 950 Id
555 911 636 967 quem
650 895 685 951 ad
701 896 810 952 modum
824 894 1022 951 iustitueudum
1038 894 1139 950 existi-

133 985 137 993 ’
231 978 413 1049 manerium,
432 977 610 1048 docebimus,
625 978 816 1051 postquamde
827 977 885 1034 vita
898 982 927 1033 et
937 976 1051 1050 seriptis
1067 977 1139 1033 Sue-

230 1061 301 1120 tonii
315 1061 441 1118 breviter
459 1062 679 1134 exposuerimus.

106 1135 208 1229 ‘ffi‘gssfl
294 1144 323 1201 G.
337 1142 487 1202 Suetonius
504 1145 681 1217 'IranqniIIus
698 1161 753 1216 qno
768 1143 888 1218 oppido,
910 1160 965 1216 quo
985 1137 1138 1219 generc¹)‚

231 1245 285 1302 quo
305 1245 377 1286 anno
392 1233 473 1285 natus
490 1227 542 1299 sit,
565 1245 618 1284 nec
632 1228 694 1300 ipse
710 1229 739 1284 in
754 1229 790 1284 iis
805 1227 916 1300 quidem
930 1227 1012 1285 libris
1028 1226 1075 1300 qui
1090 1243 1139 1284 ac-

230 1318 313 1370 tatcm
330 1314 453 1368 tulerunt
469 1311 599 1382 tradidit,
619 1329 710 1383 neque
723 1313 800 1385 apud
815 1311 887 1368 alios
904 1311 1059 1384 scriptores
1080 1327 1139 1366 me-

228 1397 334 1454 moriae
346 1393 486 1468 proditum
496 1396 620 1468 reperio.
649 1396 694 1452 Ad
707 1394 875 1467 Cisalpinam
883 1394 998 1453 Galliam
1011 1395 1138 1451 releren-

230 1481 293 1537 dum
305 1478 448 1535 exIstimat
461 1477 580 1535 Vossius
593 1479 628 1534 de
642 1479 707 1535 Irist.
724 1479 781 1535 tet.
797 1487 823 1549 1,
838 1485 871 1540 31
889 1477 1138 1550 argumentorum

224 1562 268 1620 'its
284 1563 450 1632 irmeneus,
467 1557 541 1633 quod
554 1561 700 1624 familiaris
716 1561 802 1618 luerit
812 1561 894 1618 Plinii
906 1561 1025 1618 IromInis
1035 1561 1138 1617 Trans-

220 1645 339 1719 padani.
385 1645 449 1718 Ipse
473 1651 669 1702 commemorat
695 1651 802 1718 patrem
825 1645 1036 1702 Suetonium
1052 1644 1137 1700 lee-

229 1737 296 1786 tum
315 1728 426 1785 nomios
449 1734 477 1783 et
493 1728 615 1800 legionis
630 1728 694 1785 XIII
714 1728 745 1786 G.
761 1729 790 1785 P.
806 1729 836 1784 P.
853 1729 992 1788 tribunum
1012 1727 1138 1798 augusti-

228 1812 347 1870 clavium
356 1805 528 1868 'interfuisse
550 1812 723 1868 Betriacensi
747 1813 824 1870 bollo
845 1811 938 1884 Aprili
959 1828 1054 1868 mense
1074 1810 1138 1867 anni

228 1903 271 1956 69.
296 1897 406 1952 Laetum
426 1910 491 1950 mox
510 1893 609 1951 militia
631 1896 806 1966 perfunctum
828 1895 1003 1952 matrimonio
1024 1910 1138 1966 operam
1201 1923 1203 1928 ,

228 1980 343 2036 dedisse
359 1978 494 2050 putarim,
510 1994 570 2034 cnm
588 1978 661 2034 lilius
678 1979 705 2034 ei
722 1985 802 2035 natus
818 1979 855 2036 sit
870 1977 1046 2050 Tranquillus
1060 1977 1138 2049 pri-

230 2063 296 2118 mis
314 2051 667 2132 Vespasianiannis.
698 2061 769 2118 Puer
787 2068 816 2118 et
832 2067 939 2134 patrem
952 2065 981 2117 et
994 2077 1073 2117 avum
1088 2077 1137 2116 au·
1201 2127 1202 2130 Ἴ

230 2146 301 2202 divit
319 2145 354 2201 de
372 2144 456 2200 rebus
474 2143 572 2216 quibus
587 2143 643 2217 ipsi
665 2142 852 2202 interfuerant
872 2149 1016 2201 narrantes
1032 2160 1059 2216 p.
1076 2149 1137 2213 127,
1201 2141 1203 2200 1

159 2229 160 2233 ’
228 2234 272 2289 ut.
294 2234 362 2298 213,
379 2223 426 2285 24.
450 2226 502 2282 cir.
523 2244 552 2299 p.
574 2234 641 2298 300,
661 2236 686 2288 5.
731 2228 959 2286 Adulescentiem
979 2227 1136 2284 Domitiano

228 2313 382 2384 imperante
409 2328 433 2366 a.
456 2315 567 2372 81-96
587 2311 647 2382 egit
664 2312 767 2368 Romae
789 2330 816 2384 p.
836 2317 904 2381 ΜΒ,
929 2317 972 2370 36·
1001 2315 1068 2379 259,
1092 2316 1136 2370 18·
1202 2307 1203 2314 '

228 2401 296 2466 198,
315 2401 346 2459 6;
379 2409 494 2465 quorum
511 2394 639 2451 locorum
660 2401 817 2468 postremus
841 2395 876 2450 ad
900 2410 998 2450 annum
1018 2394 1079 2449 lere
1103 2401 1137 2454 91
1171 2451 1174 2457 Δ

228 2479 370 2552 pertinere
384 2476 505 2548 videtur,
522 2493 576 2549 quo
596 2494 667 2535 anno
684 2484 806 2535 mortuns
823 2483 867 2533 eet
878 2477 1055 2548 Vologaesus
1070 2476 1137 2534 Par-

230 2564 340 2618 thorum
358 2577 418 2616 ron.

289 2643 331 2700 Ite
349 2644 425 2700 virili
444 2648 535 2699 aetate
552 2644 705 2715 Tranquilli
726 2660 781 2701 non
802 2644 873 2700 adeo
896 2642 988 2700 tenuis
1005 2644 1135 2701 memoria

228 2734 359 2800 superest
373 2728 402 2782 iu
418 2726 600 2783 Plinianis
623 2727 807 2800 epistulis.
844 2726 944 2784 Earum
961 2727 1058 2800 scripti
1074 2733 1138 2784 sunt
1202 2791 1203 2794 Ἴ

229 2827 329 2867 novem
346 2809 410 2866 libri
425 2809 536 2881 priores
552 2816 617 2881 post
631 2811 782 2867 DomitIani
799 2817 913 2867 mortem
930 2815 1038 2867 etanta
1055 2811 1136 2866 Plinii
1201 2817 1203 2864 ἴ

296 2952 322 3018 1)
337 2954 417 3004 Huius
429 2957 514 3022 gentis
529 2957 698 3022 antiquiorem
714 2971 766 3006 nou
781 2959 841 3008 novi
854 2973 929 3021 quern
943 2959 971 3010 G.
987 2957 1136 3010 Suetonium

225 3023 360 3073 Paulinum
376 3023 423 3074 sub
440 3024 545 3076 GleudIo
563 3031 588 3075 ct
603 3025 704 3076 Nerone
721 3025 811 3076 bellica
826 3027 902 3076 laude
917 3027 1011 3079 clerum
1026 3028 1136 3092 itemque
1201 3063 1203 3070 ,

226 3106 311 3142 rerum
335 3107 349 3140 a
372 3107 400 3142 se
421 3100 552 3158 gestarum
567 3096 717 3160 scriptorem
736 3093 812 3160 (Pon.
834 3109 859 3145 u.
879 3094 905 3147 Ir.
925 3095 941 3146 d
962 3095 987 3158 ᾗ.
1005 3094 1065 3159 14),
1092 3097 1136 3160 qui
1202 3135 1203 3160 ἶ

225 3168 353 3226 postremo
368 3159 395 3208 in
409 3161 565 3211 Betriacensi
582 3163 635 3212 acie
647 3160 796 3213 Othonianis
811 3164 891 3228 copiis
907 3165 1022 3228 interque
1037 3179 1081 3214 cas
1099 3165 1135 3214 le·
1202 3163 1203 3218 ζ

226 3229 296 3294 pioni
307 3225 367 3278 XIII
377 3227 504 3293 praefinit,
524 3239 551 3280 ut
562 3231 640 3281 refert
652 3229 753 3284 Tacitus
765 3231 825 3284 hist.
840 3235 864 3293 2,
878 3233 920 3284 24.
938 3233 980 3284 44.
1019 3231 1135 3282 Omnium

224 3303 368 3362 postremus
390 3311 447 3348 esse
468 3297 567 3349 videtur
589 3297 726 3351 Suetonius
744 3298 908 3366 Optetianus,
928 3301 972 3365 qui
987 3299 1066 3350 Taciti
1087 3303 1135 3350 im·
1197 3315 1203 3322 ·

223 3362 348 3480 peratore
365 3378 388 3416 e.
408 3364 459 3416 275
474 3373 499 3415 et
518 3366 569 3418 276
589 3369 666 3418 vitem
686 3370 802 3434 sculpsit,
827 3377 855 3418 ut
872 3368 998 3434 Vopiscus
1013 3368 1090 3418 tradit
1107 3369 1134 3418 iu
1202 3391 1203 3395 ¹

223 3431 313 3548 maulia
328 3430 370 3485 11.
408 3431 597 3498 'Iunoquillinue
619 3437 721 3500 quidem
748 3436 854 3486 Sanctus
882 3445 920 3486 est
943 3437 1064 3488 eeclesiae
1083 3437 1135 3486 Ro·
1202 3507 1203 3515 ἵ

250 3515 264 3548 a
315 3532 323 3549 .
