2408 3870
188 157 288 204 LXXII
523 155 730 203 PRAEFATIO.

193 314 294 384 aliquis
317 329 436 384 eaquae
455 331 481 384 p.
497 319 654 374 275478
677 314 711 368 de
734 313 807 370 ludis
825 313 992 370 Graecorum
1011 316 1094 370 oble·
1178 371 1179 377 ,

189 397 389 466 otnmentisque
406 395 614 466 nonviualibus,
638 403 692 451 lum
709 413 778 466 qnae
792 415 819 468 p.
836 403 887 457 282
904 399 938 453 de
951 391 1094 452 ‘conviciis

192 487 219 534 ot
234 479 389 534 maledictis
404 479 477 550 apud
493 479 605 534 eosdem
621 480 731 534 nsilatis
747 481 834 535 relata
849 486 922 548 sunt,
938 497 1027 550 neque
1039 481 1092 535 dn-

190 562 250 618 bito
267 563 330 632 quin
346 561 411 616 milri
429 577 592 617 assensurus
618 563 670 630 sit,
695 579 753 616 cum
774 563 839 618 illos
854 563 967 619 libellos
983 562 1092 618 Graeco

191 661 319 701 sermone
337 644 457 715 soriptos
474 645 562 700 luisse
574 645 678 700 indioo.
723 643 779 700 Neo
794 663 844 716 per
859 663 890 701 se
906 646 1093 717 improbabile

191 735 244 798 est,
261 733 377 798 utroque
392 742 519 782 sermone
535 727 683 798 scripsisse
698 728 834 783 bominem
851 730 885 784 ab
903 735 993 783 aetate
1004 729 1092 783 Fron-

190 811 281 880 tonis,
295 811 442 878 Favorini,
457 809 542 865 Monoi
558 809 690 866 Antonini
707 811 779 866 haud
794 811 831 866 ita
846 813 930 881 longe
946 818 1091 868 remotum.

251 895 282 948 ln
301 894 380 949 libris
396 893 522 950 ludorum
536 895 591 948 boo
607 907 716 964 quoque
733 893 796 960 addi
811 911 897 966 posse
914 894 1032 949 videtur.
1056 894 1088 948 Si

190 983 220 1031 ut
240 979 421 1032 llomanornm
442 976 482 1032 ita·
501 974 668 1030 Graecorum
689 992 798 1046 quoque
820 977 899 1032 ludos
915 977 1092 1046 Tranquillus

190 1060 284 1116 Latine
307 1058 452 1130 exposuit,
478 1074 526 1112 cnr
539 1073 593 1113 non
609 1058 702 1129 potius
719 1065 847 1130 quattuor
862 1060 949 1116 libros
965 1059 1091 1114 ludiorae

190 1143 233 1198 rei
248 1141 415 1197 ooniunotim
432 1141 537 1207 edidit,
565 1155 679 1210 qnorum
699 1141 753 1197 duo
770 1141 952 1210 Graecorum,
974 1141 1091 1197 totidem

189 1226 369 1287 Romanorum
386 1222 482 1292 ludos,
505 1228 533 1276 et
544 1223 621 1279 ‘alter
637 1224 747 1294 quidem
767 1224 890 1296 pueriles
913 1224 1091 1280 convivales-

190 1323 243 1378 que
259 1305 348 1374 ioooS,
364 1306 434 1361 alter
451 1305 600 1360 certamina
616 1322 648 1360 ae
663 1308 821 1378 speotaoula
838 1307 948 1378 publiea
963 1307 1090 1362 eontine-

189 1381 253 1447 ret?
276 1390 331 1444 Sed
355 1389 429 1443 olore
450 1388 578 1443 traditum
594 1395 651 1458 est,
674 1405 726 1444 neo
748 1405 857 1444 eausam
873 1390 1030 1460 ambigendi
1046 1389 1092 1445 vi·

136 1506 141 1517 ·
192 1475 258 1540 deo,
283 1489 337 1527 uno
365 1471 446 1550 libro·
462 1469 629 1527 Graecorum
654 1472 751 1542 iooos,
773 1473 880 1528 duobus
907 1473 1092 1529 Romanorum

189 1557 347 1628 spectacula
365 1560 393 1608 et
409 1545 558 1610 certamina
575 1555 662 1610 luisse
681 1555 827 1626 exposita,
842 1555 861 1610 i.
879 1572 902 1611 o.
919 1557 952 1610 ab
969 1555 1091 1625 origini-

190 1640 240 1694 bus
256 1639 375 1710 repetita
392 1643 420 1692 et
432 1644 556 1693 veterum
575 1638 742 1708 soriptorum
758 1638 925 1694 testimoniis
940 1638 1088 1693 illustrata.

188 1722 283 1793 Neque
300 1722 383 1776 ullum
396 1721 508 1791 reperio
524 1721 745 1791 speetaeulornm
760 1719 893 1780 Graeciae
911 1726 1092 1776 tractatorum

189 1805 346 1874 vestigium.
385 1804 452 1858 lude
468 1802 597 1873 confinio,
612 1809 642 1858 ut
655 1803 683 1857 bi
700 1799 772 1857 tituli
788 1820 840 1859 noo
857 1819 908 1874 pro
927 1803 1008 1858 unius
1024 1819 1090 1858 eor-

189 1889 267 1960 poris
280 1887 405 1960 partibus
421 1887 585 1954 habeantur,
603 1886 676 1958 quod
691 1886 783 1940 multis
798 1887 918 1958 placuit,
934 1886 984 1942 sed
999 1887 1093 1957 probe

190 1973 402 2040 distinguantur.
447 1969 572 2024 Alterum
595 1985 665 2039 opus
688 1969 866 2025 monobiblon
884 1968 989 2026 Graece
1019 1968 1094 2024 seri-

189 2061 263 2126 ptum
279 2052 447 2108 Grneoornm
461 2053 539 2106 lusus
555 2051 690 2121 iocosque
705 2053 859 2122 traotabat,
885 2054 999 2107 alterum
1015 2051 1089 2106 Luti-

188 2153 251 2192 num
263 2137 444 2190 Romanorum
459 2135 548 2205 primo
566 2133 638 2191 libro
656 2151 713 2188 rem
728 2136 877 2204 seenieam,
894 2134 1018 2190 seeundo
1035 2133 1092 2189 oir-

190 2235 290 2274 oenses
310 2216 475 2288 explicabat.
509 2215 637 2288 ,Titulum
652 2234 678 2288 p.
697 2220 758 2285 278,
774 2223 808 2276 36
825 2218 871 2288 qui
887 2217 974 2272 estin
992 2217 1094 2272 libro

190 2303 231 2358 de
253 2315 446 2373 puerorum
468 2295 611 2354 lusibus
633 2307 790 2371 suspeetnm
813 2302 921 2370 habeo,
944 2315 995 2354 neo
1021 2299 1095 2354 solis

190 2382 345 2456 puerilibus
359 2383 431 2438 ludis
443 2383 543 2437 librum
559 2381 593 2436 de
606 2382 714 2438 duobus
727 2384 842 2438 alterum
857 2385 992 2454 repletum
1003 2381 1093 2437 inisse

191 2467 286 2524 eredo.
332 2463 387 2529 ssed
402 2473 490 2520 ntrnm
507 2464 607 2520 Servio
623 2481 674 2536 pro
690 2467 718 2519 in
734 2465 800 2520 labro
817 2466 992 2522 scribendum
1008 2463 1094 2520 luerit

188 2551 337 2621 incapite,
357 2566 391 2605 an
408 2548 547 2605 diversum
569 2547 712 2605 omninou
732 2550 923 2619 superioribus
942 2551 997 2604 boo
1020 2563 1093 2619 opus

189 2635 355 2704 tertiumque
371 2632 405 2687 de
422 2649 453 2687 re
467 2631 574 2687 ludiera
589 2631 764 2700 Tranquillus
781 2632 945 2704 seripserit,
971 2645 1025 2686 non
1041 2631 1090 2686 de·

190 2732 284 2772 uerno.
331 2715 510 2770 casaubonus
540 2715 573 2768 de
595 2714 765 2770 Graecorum
796 2715 897 2770 lusibus
926 2714 1089 2785 reponebat.

191 2799 318 2854 Ceterum
333 2812 403 2868 opos
419 2798 501 2853 multa
522 2802 613 2852 rerum
627 2797 767 2852 'varietate
786 2799 965 2869 eonspieuum
981 2796 1091 2851 'lentul-

188 2881 264 2938 liano
287 2888 315 2936 et
329 2880 456 2935 Diomedi
478 2880 559 2936 etiam
583 2896 637 2936 non
658 2879 831 2935 monentibus
847 2880 909 2935 usui
928 2880 988 2934 luit.
1034 2879 1092 2934 Sed

190 2965 332 3034 nonnulla,
348 2969 378 3017 ut
393 2980 425 3019 ea
438 2979 509 3034 quae
521 2980 549 3034 p.
560 2967 621 3030 279,
634 2967 666 3022 27
683 2963 717 3018 de
733 2965 879 3034 coaptantis
894 2961 1005 3018 aNnmn
1020 2977 1091 3031 rege

189 3047 294 3118 populo
312 3045 383 3102 datis
401 3052 429 3101 et
444 3062 471 3118 p.
486 3051 548 3115 280,
561 3051 595 3105 28
611 3046 645 3101 de
662 3046 772 3116 origine
789 3046 918 3102 vocabuli
933 3048 992 3100 sien
1010 3044 1092 3100 nimis

190 3129 337 3200 nugatorie
355 3130 509 3198 traduntur,
528 3129 599 3184 lalso
616 3130 649 3185 ad
667 3129 829 3185 Suetonium
844 3135 985 3186 auctorem
1002 3129 1091 3183 reluta

190 3212 321 3269 arbitror.
366 3213 396 3267 ln
419 3212 514 3268 ultimo
538 3211 627 3268 frusto
645 3230 671 3283 p.
696 3218 763 3281 280,
786 3219 819 3274 36
834 3213 998 3268 vocabulum
1017 3212 1091 3267 viros

192 3296 331 3352 excidisse
347 3297 471 3360 videtum
493 3311 544 3350 neo
566 3295 654 3350 minns
672 3296 840 3366 epigramma
857 3295 976 3365 excidit,
999 3294 1091 3365 qualia

190 3379 323 3436 Martialis
338 3386 366 3449 8,
380 3385 423 3439 43.
446 3385 473 3449 9,
490 3383 532 3438 te.
555 3386 598 3449 10,
615 3383 650 3437 43
665 3377 739 3432 lusit.
