2412 3876
459 217 563 266 orvus
588 217 711 266 ιιιιιιιε.
1068 211 1087 270 ιι

80 379 165 447 rent,
184 380 304 432 coactus
318 380 363 431 est
376 371 563 451 triumphum,
585 391 622 432 ne
639 373 789 434 consulatu
806 372 1025 452 excluderetur,
1047 377 1086 436 di-

81 457 208 515 mlttere.
251 454 276 516 Ε
298 454 412 514 duobus
436 456 602 518 consulatus
625 456 880 536 competitoribus,
906 457 994 519 Lucio
1016 460 1086 521 buc·
1096 475 1130 531 19

81 541 147 598 oeio
165 537 325 617 Marcoque
341 538 460 616 Bibulo,
481 540 633 600 Lucceium
648 540 703 602 sibi
721 540 865 617 adiunxit,
885 551 987 619 pactus
1005 553 1034 604 ιιι
1050 547 1085 622 is,

82 624 219 702 quoniam
242 623 363 683 inferior
383 625 475 700 gratia
493 634 572 684 esset
594 625 775 704 pecuniaque
792 625 933 704 polleret,
955 645 1085 689 nummos

60 708 119 768 sde
137 723 212 783 suo,
236 708 377 768 communi
395 709 524 783 nomine,
549 726 603 786 per
623 709 767 768 centurias
783 711 990 787 pronuntiaret.
1023 712 1085 787 Qua

81 792 201 869 cognita
228 810 261 851 re
287 791 454 870 optimates,
479 809 552 870 quos
575 801 668 852 metus
691 800 812 870 ceperat
832 792 901 852 nihil
922 811 979 854 non
1002 814 1084 856 ausu-

1 927 2 932 ,
21 897 27 938 ι
79 894 142 936 rum
162 891 226 934 eom
247 876 275 934 in
293 892 402 937 summo
418 879 585 952 magistratu
602 875 741 936 concordi
763 886 792 935 et
808 880 1008 938 consentiente
1025 880 1083 940 col·

79 961 165 1037 lega,
189 967 325 1020 auctores
340 957 443 1019 Bibulo
464 959 579 1020 luerunt
593 960 757 1024 tantundem
774 960 946 1039 pollicendi‚
970 981 1006 1023 ac
1023 963 1084 1042 ple·

79 1045 164 1122 rique
183 1045 322 1121 pecunias
338 1043 537 1119 coutulerunt,
554 1061 590 1104 ne
605 1041 716 1104 Catone
732 1043 847 1122 quidem
862 1044 1005 1106 abnuente
1022 1065 1085 1107 eam
1165 1053 1171 1062 '

47 1128 291 1206 rolurgitioncm
281 1145 297 1186 e
313 1145 345 1186 re
346 1125 478 1206 publica
493 1088 567 1186 neit.

143 1211 235 1290 lgitor
258 1230 321 1271 cum
342 1193 444 1272 Bibulo
470 1211 570 1270 consul
593 1220 714 1272 creatur.
759 1211 888 1273 Eandem
908 1213 946 1272 ob
969 1231 1084 1274 causam

81 1314 173 1375 opera
195 1295 231 1355 ab
250 1294 434 1374 optimatibus
450 1294 514 1354 data
536 1302 596 1372 est,
617 1303 648 1354 ut
668 1297 836 1374 provinciae
852 1297 955 1358 futuris
980 1315 1083 1358 consu-

80 1381 157 1440 libus
172 1380 279 1438 minimi
296 1381 422 1478 negotii,
444 1378 472 1438 id
489 1387 533 1440 est
549 1379 641 1439 silvae
661 1379 827 1459 callesque,
847 1379 1083 1440 decernerentur

81 1465 145 1540 Qua
162 1465 284 1522 maxime
299 1464 401 1524 iniuria
416 1463 580 1539 instinctus,
596 1463 727 1524 omnibus
744 1481 761 1523 o
763 1465 850 1524 liciis
861 1464 988 1525 Gnaeum
1002 1465 1083 1525 Pom-

46 1550 178 1630 rtpeium
202 1547 366 1608 adsectatus
392 1555 452 1622 est,
475 1547 616 1606 ollensum
640 1547 785 1625 patribus,
810 1547 901 1626 quod,
921 1547 1084 1609 Mithridate

78 1651 155 1710 rege
173 1633 268 1707 victo,
293 1633 471 1691 cunctantius
493 1631 731 1691 confirmarentur
751 1640 814 1692 acta
837 1649 902 1701 sua;
930 1625 1083 1730 Pompeio-

80 1736 152 1797 que
161 1715 290 1776 Marcum
318 1713 453 1774 Crassum
482 1714 695 1791 reconciliavit,
722 1724 852 1774 veterem
877 1716 1019 1776 inimicum
1046 1734 1084 1774 ex

80 1800 256 1877 consulatu,
280 1816 365 1878 quem
385 1816 493 1858 summa
516 1797 661 1858 discordia
682 1798 764 1859 simul
787 1807 956 1876 gesseraot3
979 1817 1013 1858 ac
1037 1817 1082 1858 so·

80 1886 216 1948 cietatem
241 1901 304 1944 cum
326 1891 449 1961 utroque
466 1883 543 1957 iniit,
566 1899 602 1942 ne
622 1881 689 1960 quid
705 1891 842 1960 ageretur
859 1883 889 1942 in
905 1900 938 1941 re
957 1882 1083 1961 publica,

1 1979 2 1996 ι
1 1984 68 2054 ιο
79 1967 158 2049 quod
173 1967 372 2066 displicuisset
387 1967 437 2026 ulli
453 1985 469 2025 e
486 1965 586 2025 tribus
619 1965 693 2026 Inito
710 1967 821 2026 honore
838 1968 945 2045 primus
962 1967 1126 2029 omniumto

77 2052 216 2126 instituit,
239 2059 341 2111 uttam
363 2059 480 2110 senatus
498 2067 582 2130 quam
600 2049 700 2148 populi
724 2049 822 2110 diurna
840 2059 903 2111 acta
924 2051 1084 2110 conderent

77 2146 106 2198 et
136 2135 364 2215 publicarentur
407 2134 563 2212 Antiquom
589 2136 673 2194 etiam
698 2135 796 2194 retulit
820 2151 943 2211 morem,
970 2143 1000 2194 ut
1026 2152 1082 2213 quo

77 2238 180 2282 mense
197 2219 296 2279 fasces
317 2235 374 2278 non
389 2217 529 2294 haberet,
551 2235 692 2302 accensus
708 2228 774 2278 ante
791 2237 855 2278 eum
873 2220 941 2294 iret,
962 2219 1083 2277 lictores

79 2323 158 2385 poue
176 2311 377 2381 sequerentur.
421 2300 501 2378 Lege
518 2311 612 2362 autem
628 2293 742 2379 agraria
758 2302 957 2381 promulgata,
975 2283 1082 2362 obnun-

1 2429 2 2434 ι
46 2392 197 2450 otiantem
216 2387 361 2462 collegam
382 2387 468 2446 armis
490 2386 555 2447 loro
574 2386 701 2464 expulit,
727 2404 762 2446 ac
783 2395 904 2464 postero
922 2383 995 2445 die
986 2403 1015 2443 ιιι
1038 2402 1081 2444 se

77 2482 145 2534 natu
164 2478 371 2548 conquestum,
397 2487 452 2530 nec
474 2486 617 2549 quoquam
639 2479 759 2548 reperto
784 2471 831 2548 qui
847 2487 935 2547 snper
949 2468 999 2528 tali
1015 2484 1082 2527 con-

78 2556 258 2616 sternatione
273 2554 386 2614 relerre
401 2562 449 2614 aut
466 2571 588 2616 censere
605 2553 714 2634 aliquid
730 2553 866 2630 auderet,
886 2552 981 2631 qualia
997 2550 1083 2611 multa

24 2639 27 2644 ’
78 2657 170 2718 saepe
195 2639 223 2698 in
244 2637 404 2698 levioribus
421 2635 512 2697 turbis
533 2637 650 2698 decreta
666 2647 763 2713 erant,
785 2638 814 2696 in
836 2653 899 2698 eam
921 2637 1019 2713 coegit
1034 2634 1082 2694 de-

5 2790 13 2798 ,
78 2723 292 2803 sperationem,
314 2731 360 2798 ut,
384 2721 478 2800 quoad
494 2730 639 2800 potestate
660 2722 765 2798 abiret,
782 2720 867 2780 domo
886 2720 999 2781 abditus
1014 2719 1083 2779 nihil

43 2807 155 2868 acaliud
173 2825 257 2885 quam
274 2823 328 2884 per
343 2805 436 2866 edicta
452 2804 642 2865 obnuntiaret.
1092 2869 1098 2880 ¹
1119 2871 1122 2876 .

62 2891 67 2895 ’
143 2891 224 2953 Unus
240 2908 277 2949 ex
293 2907 330 2949 eo
345 2899 477 2968 tempore
494 2891 587 2949 omnia
602 2892 631 2948 in
649 2907 682 2949 re
703 2888 818 2968 publica
835 2897 864 2948 et
881 2888 917 2949 ad
937 2887 1083 2948 arbitrium
1099 2885 1105 2897 ‘

78 2975 286 3040 administravit
299 3018 308 3050 ,
323 2974 364 3034 'ut
384 2973 511 3034 nonnulli
531 2973 720 3050 urbanorum,
744 2991 806 3032 cum
830 2973 897 3052 quid
918 2991 972 3052 per
989 2973 1084 3032 iocum

76 3058 319 3135 testandigratia
339 3059 503 3136 signarent,
525 3075 582 3117 non
604 3057 731 3118 Caesare
749 3066 778 3116 et
798 3056 918 3133 Bibulo,
940 3057 991 3116 sed
1009 3054 1083 3114 lulio

77 3154 106 3204 et
128 3141 259 3208 Caesare
280 3140 447 3202 consulibus
468 3151 562 3202 actum
584 3141 762 3218 scriberent,
783 3140 829 3202 bis
852 3140 974 3201 eundem
998 3156 1082 3218 prae·

41 3235 237 3308 seponentes,
252 3227 374 3308 nomine
396 3234 482 3304 atque
504 3227 693 3302 cognomine;
714 3233 802 3304 utque
825 3225 914 3302 vulgo
935 3240 1003 3283 mox
1024 3222 1083 3281 ier·

74 3323 175 3374 rentur
191 3312 220 3373 lui
237 3321 355 3372 versus:

123 3407 126 3415 ‘
148 3401 213 3460 Non
231 3399 330 3456 Bibulo
347 3401 491 3470 quicquam
510 3413 600 3470 nuper
621 3397 672 3454 sed
693 3397 814 3454 Caesare
831 3397 939 3469 suetum
960 3401 1013 3450 est:

210 3476 212 3480 ’
286 3482 359 3538 Nam
377 3482 474 3538 Bibulo
493 3485 557 3548 fieri
575 3483 743 3540 consulenti
763 3481 878 3536 memini.
