2438 3872
292 261 299 290 ἱ
464 165 568 249 otrus
586 201 697 248 rurus.
1026 190 1087 255 239

91 354 272 434 principibus
287 353 403 414 aliter*
419 371 476 414 non
491 351 648 432 baberent,
673 372 756 433 quant
777 357 800 415 si
823 354 924 416 eadem
944 357 1035 416 isdem
1059 367 1087 416 et

93 441 148 519 ipsi
164 438 324 515 dedissent,
341 440 448 516 primus
464 439 619 517 praeterita
635 441 729 499 omnia
750 457 806 499 uno
825 441 1003 501 confirmavit
1027 441 1085 501 edi·

94 532 154 600 cto,
168 541 225 583 neu
242 540 258 582 a
274 539 307 581 se
323 524 384 600 peti
400 539 503 602 passus
520 531 573 581 est.
610 521 643 582 ln
659 523 765 582 ceteris
780 540 852 584 vero
867 523 1018 585 desideriis
1033 523 1085 586 bo-

90 608 194 667 minum
214 607 437 668 obstinatissime
459 606 563 683 tenuit,
592 624 629 666 ne
653 624 738 685 quern
758 608 821 667 sine
842 627 896 688 spe
916 607 1084 677 dimitteret;

70 693 159 771 oquin
180 699 209 751 et
232 689 450 751 admonentibus
473 690 656 767 domesticis,
685 694 767 771 quasi
786 691 868 771 plura
896 691 1087 772 polliceretur

92 795 175 855 quam
192 784 342 855 praestare
358 781 475 854 posset,
496 792 558 835 noo
573 781 717 852 oportere
731 777 770 836 ait
784 793 965 857 quemquam
982 793 1002 836 c
1018 794 1084 837 scr-

90 877 179 921 mome
191 859 345 938 principis
361 859 478 920 tristem
500 858 679 929 discedere-
696 870 782 939 utque
805 861 891 921 ctiam
912 861 1085 922 reeordatus

4 953 5 958 ’
91 943 232 1026 quondam
247 961 336 1022 super
355 961 484 1022 caenam,
502 943 579 1021 quod
595 942 664 1003 nihil
682 947 813 1023 cuiquam
829 954 891 1006 toto
904 945 950 1005 die
963 947 1084 1024 praesti-

3 1045 4 1050 *
90 1032 187 1106 tisset,
201 1026 416 1088 memorabilem
431 1026 508 1088 illam
523 1029 684 1106 meritoque
698 1028 840 1089 laudatam
856 1046 959 1089 rocem
981 1028 1084 1090 edidit:

50 1127 82 1169 xo
92 1111 201 1188 Amaci,
219 1110 297 1172 diem
309 1110 446 1191 perdidi.

153 1195 293 1275 Populum
309 1198 337 1255 in
354 1197 453 1275 primis
475 1197 639 1256 universum
661 1202 737 1256 tanta
760 1215 812 1276 per
834 1197 926 1257 omnis
952 1199 1084 1258 occasio·
1112 1215 1114 1220 ·

90 1300 143 1342 nes
160 1281 294 1340 comitate
311 1282 456 1358 tractavit,
470 1289 500 1339 ut
517 1281 669 1359 proposito
686 1278 858 1356 gladiatorio
874 1297 1012 1358 munere,
1023 1300 1085 1343 non

90 1365 135 1428 ud
149 1382 247 1442 suum,
262 1363 318 1425 sed
334 1363 378 1424 ud
390 1364 593 1443 spectantium
612 1361 775 1425 arbitrium
800 1365 939 1427 editurum
961 1383 993 1424 se
1017 1384 1083 1445 pro-

89 1451 186 1512 les‘sus
204 1451 254 1519 sit;
272 1457 300 1509 et
316 1449 402 1527 plane
418 1450 456 1509 ita
472 1448 553 1508 iecit.
582 1447 654 1508 Nam
676 1465 770 1528 neque
792 1451 910 1527 negarit
932 1451 1084 1527 quicquam

50 1533 255 1616 repetentibus
271 1541 300 1593 et
315 1541 344 1592 ut
361 1550 434 1612 quae
460 1532 570 1592 vellent
592 1541 726 1612 peterent
743 1532 818 1592 ultro
841 1531 1007 1594 adhortatus
1029 1543 1083 1592 est.
1134 1583 1136 1589 Α
1170 1583 1172 1586 .

89 1620 165 1696 Quin
186 1626 215 1679 et
229 1617 351 1677 studium
366 1625 526 1678 armaturae
542 1613 685 1676 Threcum
707 1635 779 1695 prae
801 1635 833 1676 se
854 1617 969 1694 ferens,
993 1635 1083 1696 saepe

90 1723 154 1765 curn
172 1701 282 1783 populo
298 1711 326 1762 et
339 1719 414 1762 voce
433 1710 462 1760 et
475 1709 561 1778 gestu
576 1709 606 1758 ut
620 1697 714 1760 lautor
730 1701 881 1762 cauillatus
897 1710 958 1778 est,
985 1719 1084 1761 verum

88 1789 239 1849 maiestate
257 1787 338 1846 salva
354 1803 409 1846 nec
423 1787 514 1844 minus
531 1785 686 1863 aequitate.
728 1777 772 1843 Ne
794 1784 861 1864 quid
884 1784 1084 1863 popularitatis

3 1919 4 1922 η
88 1872 342 1953 praetermitteret,
359 1885 568 1947 nonnumquam
583 1869 612 1927 in
628 1867 747 1926 thermis
770 1869 830 1928 suis
852 1869 975 1929 admissa
997 1867 1083 1948 plebe

50 1957 168 2018 rotavit.

153 2039 300 2115 Quaedam
315 2037 367 2098 sub
384 2056 420 2099 eo
438 2038 555 2098 fortuita
569 2053 605 2096 ac
621 2036 713 2096 tristia
728 2036 913 2112 acciderunt,
930 2046 960 2096 ut
977 2037 1083 2098 cunila-

4 2125 9 2166 l
88 2127 184 2204 gratio
200 2124 302 2184 Vesvii
323 2125 427 2183 montis
443 2123 471 2181 in
488 2120 660 2200 Campania,
680 2128 710 2198 et
723 2119 885 2180 incendium
899 2120 1010 2181 Romae
1031 2140 1084 2201 per

88 2209 211 2270 triduum
224 2207 401 2286 totidemque
414 2215 526 2281 noctes,
541 2207 608 2264 item
621 2201 786 2282 pestilentia
799 2213 1084 2282 quantanontemere
1117 2202 1120 2206 ’

90 2293 173 2353 alias.
213 2290 245 2351 ln
260 2293 295 2351 iis
313 2300 355 2351 tot
370 2291 500 2351 adversis
517 2307 551 2349 ac
566 2287 671 2348 talibus
688 2305 746 2347 non
760 2287 846 2349 modo
864 2291 1005 2369 principis
1025 2289 1083 2350 sol·

50 2376 266 2438 solicitudinem
284 2374 335 2435 sed
349 2385 378 2435 et
393 2376 520 2454 parentis
536 2373 670 2433 affectum
695 2372 806 2432 unicum
829 2373 987 2452 praestitit,
1010 2391 1085 2433 nunc

90 2459 270 2523 consolando
286 2477 341 2539 per
355 2459 461 2535 edicta,
476 2475 552 2517 nuuc
568 2455 736 2535 opitulando
753 2465 892 2535 quatenus
914 2466 1085 2536 suppeteret

88 2545 222 2607 facultas.
260 2543 417 2605 Curatores
436 2540 630 2602 restituendae
654 2539 827 2618 Campaniae
852 2559 869 2599 o
891 2539 1085 2600 consularium

88 2647 208 2690 numero
225 2637 305 2689 sorte
329 2627 420 2697 duxit3
442 2627 517 2687 bona
539 2641 748 2704 oppressorum
768 2626 796 2682 in
811 2623 940 2698 Vesvio,
965 2641 1084 2703 quorum

88 2713 216 2774 heredes
231 2729 290 2772 nou
304 2711 451 2789 e'rrtabant,
466 2709 639 2770 restitutioni
654 2707 824 2768 aidictarum
841 2708 995 2767 civitatium
1008 2711 1084 2768 attri-

52 2797 159 2858 ttbuit.
193 2796 282 2859 Urbis
298 2795 432 2857 incendio
450 2793 529 2855 ntttt
541 2790 665 2871 publice
678 2790 802 2870 periere
823 2800 957 2870 testatus,
982 2801 1085 2852 cuncta

89 2882 302 2963 praetoriorum
315 2897 430 2941 suorum
440 2885 607 2938 ornamenta
622 2876 761 2956 operibus
781 2894 816 2936 ae
832 2875 949 2955 templis
961 2876 1084 2936 destina·

8 2977 9 2984 ’
88 2967 130 3026 vit
141 2968 370 3046 praeposuitque
386 2962 543 3042 compluris
559 2978 597 3020 err
612 2961 742 3039 equestri
754 2959 865 3039 ordine,
882 2977 939 3038 quo
952 2978 1085 3040 quaeque

89 3051 456 3129 maturiusperagerentur.
472 3044 632 3108 Medendae
644 3043 1001 3123 valitudinileniendisque
1010 3062 1084 3104 mor·

29 3163 31 3166 ·
88 3134 135 3195 b'is
150 3133 256 3194 nullam
271 3132 394 3194 divinam
411 3133 619 3208 humanamque
636 3146 721 3208 opem
745 3146 803 3189 nou
826 3126 970 3204 adhibuit,
994 3129 1084 3206 inqui·

53 3220 147 3280 assito
165 3220 240 3280 omui
257 3218 465 3278 sacrificiorum
483 3213 733 3291 remediorumque
746 3231 867 3290 genere.

150 3302 229 3363 Inter
259 3300 379 3364 adversa
411 3309 572 3380 temporum
605 3305 635 3357 et
667 3295 813 3357 delatores
844 3295 1085 3375 mandatoresque
1173 3276 1175 3280 ¹

90 3397 173 3449 eraut
196 3403 234 3447 ex
253 3387 370 3448 licentia
392 3385 494 3446 veteri.
534 3382 596 3443 llos
622 3379 736 3441 assidue
759 3383 788 3440 in
810 3380 877 3440 loro
905 3376 1031 3456 dagellis
1050 3395 1086 3437 ac

87 3471 214 3534 fustibus
231 3488 334 3533 caesos
353 3488 388 3531 ae
404 3469 559 3548 novissime
576 3465 724 3527 traductos
740 3482 794 3544 per
809 3459 1008 3544 amphitheatri
1023 3479 1085 3524 are·
