2438 3872
566 225 672 274 nuso.
1028 191 1035 204 ’
1057 213 1117 276 185

116 377 244 438 dinanum
262 377 309 438 die
325 379 466 458 pauculas
481 383 580 442 uncias
596 379 746 455 venderet,
761 379 920 459 praeclusit
935 389 1056 440 cunctos
1067 399 1115 440 ne·

116 463 286 540 gotiatores.
330 463 404 538 Quin
427 466 513 525 etiam
532 466 607 523 inter
628 464 786 524 canendum
807 462 1035 524 animadversam
1056 483 1114 524 ma·

116 555 229 606 tronam
250 547 278 605 in
301 547 479 626 spectaculis
503 550 591 608 vetita
618 564 744 626 purpura
772 548 875 608 cultam
900 545 1116 608 demonstrasse

119 631 360 708 procuratoribus
382 633 441 691 suis
462 631 581 706 dicitur,
610 629 828 710 detractamque
854 632 922 691 illcc
949 649 1007 692 non
1032 641 1116 692 veste

1 755 2 770 t
93 711 203 773 amodo
220 713 313 773 sedet
328 714 413 775 bonis
428 717 515 774 exuit.
549 713 628 776 Nulli
640 713 789 791 delegavit
801 715 928 776 cilicium
943 724 973 774 ut
983 732 1042 775 non
1058 713 1115 774 adi·

118 805 214 856 ceret:
233 795 305 858 Scis
323 798 399 878 quid
419 799 494 860 mibi
513 815 592 877 opus
612 797 671 858 sit!
696 797 970 878 succeperunt,
994 817 1033 860 ne
1048 800 1117 878 quis

1 863 85 950 l
117 881 282 960 quicquum
294 881 428 944 laudaut!
449 881 558 944 Ultimo
579 881 696 960 templis
714 883 910 960 compluribus
929 881 1006 943 doaa
1021 881 1115 944 detra·

116 965 159 1025 xit
177 965 390 1045 simulacraque
406 985 445 1026 ex
458 982 531 1026 auro
548 965 596 1025 vel
612 975 736 1043 argento
754 965 894 1028 fabricata
916 965 1067 1042 conflavit,
1087 969 1115 1026 in

116 1050 153 1108 iis
166 1048 313 1110 Penatium
328 1049 464 1127 deorum,
484 1045 559 1128 quac
572 1065 641 1108 mcx
656 1048 746 1110 Galba
764 1051 896 1110 restituit.
1129 1102 1169 1135 ,Ἢ

78 1156 106 1196 1c
180 1133 337 1195 Parricidia
359 1143 389 1194 ct
411 1133 518 1194 caedes
536 1131 692 1194 aclaudio
709 1149 833 1194 exorsus
851 1142 910 1202 cst;
936 1136 1017 1194 cuius
1033 1137 1161 1204 recisas

117 1218 172 1277 etsi
193 1234 250 1276 non
272 1227 388 1294 auctor,
412 1227 441 1278 at
463 1220 599 1278 conscius
620 1217 690 1293 init,
713 1235 810 1296 neque
835 1217 1064 1296 dissimulanter,
1085 1228 1116 1278 ut

116 1302 165 1378 qni
180 1299 312 1378 boletos,
328 1304 356 1360 in
373 1319 430 1380 quc
447 1301 503 1361 cibi
519 1319 630 1378 genere
645 1318 787 1360 venenum
801 1303 827 1360 is
840 1311 1013 1380 acceperat,
1033 1303 1116 1381 quasi

1 1461 2 1470 ι
116 1383 237 1444 deorum
255 1385 349 1446 cibum
372 1384 496 1465 posthac
519 1384 678 1464 proverbio
695 1384 809 1445 Graeco
826 1384 1001 1446 conlaudare
1017 1388 1053 1446 sit
1068 1403 1114 1445 so·

115 1468 193 1528 litns.
225 1467 313 1529 Certe
335 1469 466 1529 omnibns
488 1487 584 1529 rerum
604 1467 817 1547 verborumque
842 1469 1024 1548 contumeliis
1040 1487 1114 1532 mor·

1 1575 2 1594 ι
76 1573 105 1614 ,ιι
117 1562 195 1613 tuum
210 1553 368 1614 insectatus
382 1561 442 1629 est,
458 1552 544 1613 modo
562 1552 700 1612 stultitiae
715 1552 802 1612 modo
816 1553 957 1621 saevitiae
972 1571 1113 1630 argaeum

1 1649 2 1698 ὲ
115 1646 226 1698 namet
243 1639 384 1698 merari
410 1655 475 1696 eum
495 1637 607 1696 desisse
629 1639 703 1696 inter
718 1635 850 1696 homines
865 1635 1007 1715 producta
1023 1639 1156 1715 prima-*-

1 1777 2 1787 ,
116 1719 229 1795 syllaba
253 1721 419 1798 iocabatur,
441 1720 588 1818 multaque
610 1719 728 1780 decreta
751 1728 780 1780 et
801 1720 968 1797 constituta,
996 1729 1027 1778 ut
1048 1723 1114 1780 insi·

116 1805 222 1884 pientis
239 1815 325 1883 atque
342 1804 441 1905 deliri,
464 1821 519 1884 pro
535 1805 624 1863 irritis
642 1801 754 1874 babuit;
779 1803 904 1882 denique
922 1802 1035 1864 bustum
1052 1806 1115 1863 eius

117 1890 281 1968 consepiri,
298 1891 354 1949 nisu
346 1888 465 1949 humili
480 1889 598 1967 levique
612 1888 738 1948 maceria
744 1887 908 1965 ,neglexit
991 1947 992 1952 ,
1074 1921 1156 2016 ⁵&

75 1999 106 2040 ιι
180 1971 372 2034 Britannicum
384 1991 442 2033 nen
456 1972 548 2032 minus
559 1971 749 2031 aemulatione
766 1973 859 2048 vocis,
875 1989 950 2050 quae
961 1971 1026 2032 illi
1017 1989 1114 2031 racun-

116 2057 181 2116 dior
196 2056 386 2136 suppetebat,
413 2073 505 2154 quam
521 2063 656 2114 metune
678 2055 850 2134 quandoque
871 2055 948 2134 apud
970 2055 1115 2116 hominum

115 2140 238 2218 gratiam
251 2149 373 2219 paterna
385 2140 524 2200 memoria
539 2137 748 2216 praevaleret,
755 2156 869 2199 ueneno
885 2139 1044 2218 adgressus
1056 2149 1113 2206 est.

116 2224 203 2299 Quod
226 2233 379 2304 acceptum
407 2243 422 2284 a
447 2221 568 2302 quadam
588 2221 731 2298 Lucusta,
757 2225 979 2284 uenenariorum
1007 2222 1113 2298 indice,

1 2316 2 2319 ’
116 2325 181 2367 cum
197 2309 335 2386 opinione
356 2307 465 2368 tardius
478 2306 615 2382 cederet,
635 2315 737 2366 ventre
751 2306 837 2366 modo
855 2305 1011 2368 Britannici
1026 2317 1114 2383 moto,

1 2394 2 2410 ¹
76 2394 290 2454 asaccersitnm
308 2392 456 2452 mulierem
473 2388 804 2451 suamanuverberavit
823 2409 966 2468 arguens,
990 2408 1044 2468 pru
1064 2409 1114 2450 ve·
1147 2435 1152 2450 .

116 2493 192 2534 neno
208 2475 363 2536 remedium
378 2475 509 2543 dedisse;
533 2475 759 2552 excusantique,
779 2475 870 2534 minus
895 2473 989 2535 datum
1012 2473 1049 2534 ad
1066 2477 1126 2534 cc·'

117 2558 278 2619 cultandnm
293 2556 432 2620 facinoris
446 2558 597 2636 invidiam,
619 2556 713 2618 Sace·
724 2559 815 2636 inquit
836 2558 932 2636 leqem
945 2555 1060 2618 lulium
1080 2557 1115 2616 ti·

1 2638 2 2644 ’
75 2641 80 2650 “
114 2643 375 2721 meoltccegitque
391 2661 424 2702 se
440 2660 538 2702 coram
553 2639 732 2724 invcubicnlo
749 2659 831 2720 quam
847 2651 950 2720 posset
963 2642 1114 2702 velocissi·
1140 2705 1144 2714 ,

114 2743 191 2786 mum
207 2745 242 2786 ac
258 2735 498 2805 praesentaneum
521 2743 664 2803 ecquem
688 2724 792 2786 deinde
813 2725 939 2799 incedo
963 2725 1161 2804 expertus,

1 2837 2 2848 ι
77 2831 104 2872 ac
117 2819 272 2891 postquam
285 2811 312 2871 is
328 2805 454 2890 quinque
470 2809 558 2870 boras
581 2809 739 2888 protraxit,
765 2809 866 2868 iterum
888 2828 923 2870 ac
937 2810 1054 2908 saepius
1069 2829 1113 2868 re-

116 2902 231 2954 coctum
247 2894 382 2974 porcello
396 2894 517 2962 obiecit;
534 2909 592 2971 quc
607 2895 700 2952 statim
717 2893 892 2970 exanimato,
907 2894 1030 2953 inferri'
1022 2911 1051 2952 m
1065 2894 1113 2952 tri·

20 2991 23 2996 '
116 2976 970 3078 clinnumdanqueeqenantrsecumBritannrccrmperavrt
999 2977 1114 3038 Etcum

1 3074 2 3104 ³
114 3061 165 3122 ille
179 3061 355 3143 adprimum
371 3071 487 3140 gustum
503 3059 696 3135 concidisset,
719 3061 856 3120 comitiali
870 3061 973 3121 morbo
990 3080 1028 3120 ex
1044 3077 1113 3120 con·

113 3140 266 3220 succudine
285 3156 454 3245 correptum
477 3142 554 3224 apud
577 3145 716 3204 convivas
735 3147 902 3220 ementitus,
924 3154 1044 3223 postero
1067 3143 1114 3202 die

1 3237 3 3302 ζ
75 3216 228 3322 campilia
232 3223 317 3313 inter.
333 3232 477 3290 maximos
497 3227 606 3288 imbres
626 3227 770 3294 tralaticio
796 3228 898 3288 extulit
913 3228 1025 3288 iuuere.
1060 3227 1113 3288 bu·

1 3307 3 3396 l
114 3307 224 3387 custac'
226 3319 404 3396 praesumta
418 3331 510 3393 opera
525 3312 721 3390 impunitatem
739 3311 916 3390 praediaque
932 3312 1041 3390 ampla,
1061 3309 1114 3375 sed
1167 3320 1196 3370 s

77 3401 142 3474 el
156 3384 322 3480 ιιιιιιιιιιιιι
333 3397 421 3458 dedit
1101 3371 1167 3443 “⁸“

146 3477 315 3594 Matrem,
331 3481 409 3543 iacta
426 3481 560 3560 dictaque
576 3497 626 3540 sna
643 3482 841 3559 exquirentem
856 3477 991 3538 acerbius
1002 3485 1032 3536 et
1050 3493 1112 3538 cor
1122 3488 1211 3546 ιιι
