2438 3872
417 185 781 236 nrvosvnsrnsnsuus.
1035 173 1096 237 227

99 350 163 402 otus
179 349 241 417 est,
258 350 287 401 ut
302 351 331 402 et
346 342 502 403 industriae
519 351 661 421 expertae
676 360 731 403 nec
747 342 918 404 metuendus
932 342 992 403 ullo
1008 342 1095 404 ruodo

99 424 138 486 ob
156 424 342 486 humilitatem
356 427 476 504 generis
492 445 526 487 ac
541 428 674 487 nominis.
719 426 834 487 Additis
845 428 932 504 igitur
943 426 980 486 ad
993 428 1095 505 copias

98 508 209 570 duabus
223 509 399 587 legionibus,
416 518 485 570 octo
501 511 565 588 alis,
584 510 756 572 cohortibus
778 511 893 587 decern,
915 519 1002 589 atque
1021 511 1096 571 inter

97 595 215 671 legatos
230 594 339 653 maiore
355 594 413 654 lulio
430 604 590 673 assumpto,
607 604 637 654 ut
652 596 773 674 primum
790 597 970 674 provinciam
992 594 1096 672 attigit,

72 678 247 757 aproximas
263 694 380 757 quoqne
398 680 543 739 convertit
558 681 587 738 in
601 697 650 755 se,
673 687 808 739 correcta
826 680 920 740 statim
936 687 1095 739 castrorum

98 762 261 841 disciplina,
280 779 395 841 unoque
410 770 440 822 et
455 763 548 824 altero
567 763 682 842 proelio
701 772 758 823 tam
775 771 942 824 constanter
957 763 1045 839 inito,
1066 770 1097 822 ut

96 847 127 906 in
144 846 363 926 oppugnatione
379 846 492 908 castelli
514 847 620 926 lapidis
641 848 730 909 ictum
750 864 844 926 genu,
869 855 952 907 scuto
976 848 1095 924 sagittas

98 931 211 1009 aliquot
228 930 390 1008 exceperit.
1097 928 1140 964 s

160 1013 232 1074 Post
248 1013 397 1074 Neronem
414 1013 604 1093 Galbamque,
620 1014 733 1075 Othone
751 1033 785 1075 ac
801 1014 921 1076 Vitellio
938 1014 974 1074 de
990 1015 1128 1094 princi-5

57 1122 87 1164 so
97 1096 372 1179 patucertantibus,
390 1099 419 1158 in
435 1116 517 1177 spem
532 1099 646 1178 imperii
661 1101 753 1176 venit,
776 1099 830 1159 iam
844 1098 959 1178 pridem
972 1098 1026 1158 sibi
1042 1117 1097 1178 per

98 1182 174 1244 haec
190 1191 305 1244 ostenta
322 1193 506 1262 conceptam.

157 1265 190 1328 ln
206 1266 372 1328 suburbano
387 1265 554 1327 Flauiorum
569 1283 695 1344 quercus
712 1267 836 1345 antiqua,
850 1285 924 1346 quae
938 1275 1000 1326 erat
1010 1265 1095 1327 hlarti

96 1371 192 1428 sacra,
208 1368 262 1430 per
277 1360 339 1411 tres
356 1352 520 1430 Vespasiae
535 1359 648 1430 partus,
671 1351 804 1428 singulos
824 1359 947 1431 repente
964 1365 1094 1411 ramosa

96 1437 201 1496 frutice
218 1434 306 1512 dedit,
323 1434 398 1496 haud
414 1435 500 1496 dubia
515 1437 597 1512 signa
613 1435 699 1512 lutari
722 1437 861 1514 cuiusque
882 1435 946 1495 lati:
974 1436 1095 1513 primunr

57 1539 85 1580 ts
97 1520 204 1580 exilem
223 1528 251 1580 et
267 1520 324 1580 cito
341 1519 513 1596 arefactum,
531 1519 672 1598 (ideoque
687 1518 785 1599 puella
800 1528 866 1579 nata
880 1535 938 1579 non
954 1535 1093 1598 peranna-

94 1603 153 1682 vit)
170 1603 326 1664 secundum
343 1603 540 1683 praevalidum
555 1621 590 1662 ac
606 1602 751 1680 prolixum
772 1611 801 1662 et
818 1605 865 1680 qui
880 1620 1013 1681 magnam
1030 1602 1094 1662 leli·
1162 1599 1167 1606 ’

97 1690 213 1749 citatem
228 1687 429 1766 portenderet,
445 1687 559 1748 tertium
574 1703 647 1746 vero
665 1687 754 1746 instar
771 1685 894 1746 arboris.
931 1687 1028 1761 Quare
1044 1703 1093 1764 pa·
1110 1735 1111 1740 ,

94 1782 174 1834 trem.
184 1770 320 1832 Sabinum
335 1772 440 1846 lerunt,
456 1771 623 1849 haruspicio
638 1771 756 1849 insuper
767 1772 975 1849 confirmatum,
989 1786 1093 1830 renun-

94 1859 185 1918 tiasse
201 1856 293 1934 matri,
310 1864 446 1934 nepotem
463 1856 490 1915 ei
506 1853 661 1916 Caesarem
676 1855 817 1932 genitum:
837 1873 894 1916 neo
914 1855 991 1915 illam
1014 1854 1093 1934 quic·
1208 1869 1211 1880 ·

56 1957 181 2019 coquam
203 1938 279 2000 aliud
302 1957 385 2019 quam
408 1939 614 2017 cachinnasse,
636 1939 801 2016 mirantem,
832 1938 915 2019 qaod
938 1938 1041 2000 adbuc
1059 1955 1094 1998 ee

94 2023 204 2086 menas
221 2031 363 2102 compote
377 2022 528 2084 deliraret
541 2024 603 2084 icon
618 2023 703 2102 filias
716 2040 801 2084 saus.

158 2108 247 2185 llox,
270 2126 333 2168 cum
355 2107 478 2169 aedilem
502 2126 567 2168 eum
589 2107 622 2168 G.
647 2105 771 2185 Caesar,
794 2124 973 2168 succensens
996 2123 1093 2166 curam

94 2192 247 2254 verrendis
263 2193 318 2253 viis
336 2209 394 2252 non
409 2191 574 2269 adhibitam,
593 2191 654 2252 luto
670 2192 805 2252 iussisset
820 2190 937 2272 oppleri
950 2200 1093 2269 congesto

59 2294 65 2309 ·
95 2295 150 2358 per
163 2276 270 2337 milites
286 2279 315 2335 in
333 2284 506 2355 praetextae
524 2278 626 2354 sinum,
643 2294 701 2336 non
716 2275 869 2338 defuerunt
886 2275 934 2354 qui
949 2276 1092 2354 interpre-

55 2385 84 2426 ae
95 2369 241 2439 tarentur,
263 2360 435 2440 quandoque
460 2361 657 2441 proculcatam
672 2360 874 2439 desertamque
888 2378 949 2421 rem
970 2379 999 2439 p.
1015 2358 1092 2419 cirili

95 2446 190 2526 aliqua
207 2443 425 2524 perturbatione
440 2435 604 2506 in‘tutelam
618 2445 681 2505 eius
696 2463 730 2505 ao
748 2444 871 2505 velutin
886 2445 1026 2520 gremium
1043 2441 1091 2502 de

94 2540 253 2591 venturam.

155 2613 317 2674 Prandente
332 2631 369 2675 eo
387 2613 547 2693 quondam,
570 2613 649 2674 canis
665 2614 808 2674 extrarius
832 2629 849 2672 e
869 2612 956 2672 trivio
979 2627 1091 2670 manum

93 2699 243 2758 humanam
258 2698 350 2759 intulit
364 2715 540 2776 mensaeque
564 2695 696 2758 subiecit.
735 2696 882 2757 coenante
901 2713 1017 2772 rursus,
1037 2694 1091 2756 hos

55 2791 195 2847 coarctor
213 2782 339 2843 decusso
359 2784 429 2859 iugo
448 2780 601 2842 triclinium
623 2781 742 2860 irrupit,
755 2773 931 2858 ”dc'lugatis
955 2779 1091 2841 ministris

94 2867 176 2946 quasi
193 2875 315 2946 repente
330 2865 465 2927 defessus
480 2865 609 2944 procidit
622 2865 659 2926 ad
680 2867 763 2945 ipsos
778 2863 976 2925 accumbentis
999 2864 1091 2943 pedes

1 3019 2 3022 Ἴ
94 2951 297 3030 cervicemque
321 2949 469 3010 summisit.
513 2949 611 3010 Arbor
636 2965 753 3029 quoqne
781 2967 938 3028 cupressus
963 2949 991 3008 in
1016 2964 1090 3026 agro

93 3037 172 3095 avito
188 3031 251 3094 sine
266 3033 325 3095 ulla
340 3037 369 3095 vi
381 3037 560 3113 tempestatis
574 3033 675 3093 evulsa
686 3033 823 3096 radicitus
835 3042 920 3111 atque
933 3041 1090 3113 prostrata,
1117 3014 1133 3071 ὀ
1143 3015 1156 3047 ²
1166 3009 1202 3050 Η
1217 3095 1218 3098 ,

92 3121 258 3198 insequenti
277 3118 323 3179 die
339 3118 459 3179 viridior
475 3136 510 3178 ac
525 3119 635 3179 firmior
649 3118 818 3178 resurrexit.
1216 3117 1218 3142 ³

55 3221 83 3263 as
154 3202 194 3263 At
209 3205 237 3263 in
252 3202 364 3264 Achaia
378 3203 541 3279 somniauit,
557 3203 666 3262 initium
682 3201 738 3261 sibi
754 3202 873 3279 suisque
884 3199 1033 3260 felicitatis
1046 3198 1088 3262 iu.-

91 3297 202 3363 turum,
221 3287 304 3348 simul
321 3287 442 3348 addens
456 3285 566 3346 Neroni
588 3295 740 3364 exemptus
763 3294 857 3354 csset;
882 3283 1037 3362 euenitque
1060 3292 1089 3342 ut

91 3373 226 3450 sequenti
236 3371 288 3431 die
305 3389 480 3451 progressus
495 3372 524 3430 in
544 3371 645 3432 atrium
661 3369 791 3430 medicus
812 3368 925 3428 dentem
944 3368 972 3427 ei
991 3375 1087 3428 osten-

91 3455 185 3532 deret,
203 3465 369 3535 tantumque
389 3454 465 3534 qnod
481 3465 654 3535 exemptum.

817 3537 879 3597 15*
