2416 3876
262 208 538 257 nannanruonum
560 209 740 257 nrssonuur
761 207 960 268 ennrouran.
1047 194 1108 256 305

110 364 208 425 culum
234 372 263 423 et
289 361 464 423 Gaditanum.
503 362 702 424 Aestuaria
728 373 792 423 sunt
819 365 928 439 omnia,
963 381 1016 440 per
1035 380 1110 441 quae

111 465 192 509 mare
221 447 348 507 vicissim
368 455 424 505 tum
447 447 561 506 accedit
586 456 644 506 tum
673 447 795 507 recedit.
842 445 961 506 Altum
990 447 1110 524 proprie

110 549 191 592 mare
212 530 383 610 profundum
403 531 514 590 dicitur.
555 528 652 590 Vada
674 540 739 590 sunt
755 529 858 609 quibus
872 531 900 588 in
920 530 990 590 mari
1011 539 1111 609 potest

113 617 200 691 stari,
221 632 295 694 qnae
316 613 463 690 Vergilius
488 612 587 673 brevia
609 613 753 692 appellat,
779 631 853 691 quae
879 613 981 673 eadem
1007 612 1110 674 Gracci

88 697 251 758 chruchea.
296 697 404 756 Sinus
425 698 552 757 maiores
577 715 713 757 recessus
734 700 827 758 maris,
841 697 991 773 dicuntur,
1017 707 1047 756 ut
1068 707 1112 758 cst

1 785 2 788 ’
115 778 254 860 Caspius,
276 780 436 856 Arabicus,
460 779 589 850 Indicus;
612 782 738 840 minores
749 791 843 841 autem
859 780 955 858 anguli
970 780 1111 857 dicuntur,

113 874 146 924 ut
167 864 334 939 Paestanus,
355 864 530 940 Amyclanus
555 873 583 924 et
609 867 700 925 ceteri
722 865 840 924 similes.
877 863 1025 924 Flustra
1048 874 1113 924 sunt

114 957 209 1009 motus
229 948 316 1007 maris
338 947 400 1006 sine
422 957 596 1026 tempestate
620 948 793 1008 fluctuantis.
833 947 960 1008 Naevius
984 951 1011 1007 in
1031 948 1112 1008 bello

114 1031 242 1092 Poenico
271 1031 314 1090 sic
335 1033 386 1090 ait:
418 1027 593 1094 Onerariae
619 1039 749 1093 onustae
770 1031 900 1093 stabant
923 1033 956 1092 in
983 1031 1112 1110 flactris,

77 1124 148 1175 aunt
180 1117 205 1174 si
234 1115 361 1174 diecret:
391 1116 419 1174 in
441 1117 513 1176 salo.
558 1115 675 1176 llloles
702 1135 776 1195 quae
796 1117 920 1175 eminent
941 1123 970 1174 et
992 1133 1113 1194 procur·

115 1208 180 1258 runt
200 1199 290 1273 mari,
319 1197 356 1256 de
377 1199 480 1276 quibus
500 1198 658 1259 Pacuvius:
696 1197 808 1262 Omnes
823 1198 963 1261 latebras
982 1197 1039 1259 snb
1055 1199 1114 1260 leto

115 1282 195 1343 mole
219 1280 383 1342 obstrusas
406 1282 503 1342 mnas.
556 1279 696 1343 Caecus
712 1283 826 1361 'ductus
852 1293 964 1342 tumens
991 1283 1114 1342 necdum

1 1371 2 1437 ᾖ
115 1375 336 1440 caneremus,
358 1365 394 1425 de
417 1384 474 1443 quo
492 1366 561 1426 Atta
584 1369 613 1426 in
637 1367 748 1445 Togata
766 1369 809 1426 sic
830 1369 883 1427 ait:
913 1365 977 1428 Pro
995 1368 1114 1446 popula

115 1445 227 1528 {iactam
238 1465 350 1509 caecos
361 1448 484 1526 faciant
499 1467 558 1527 per
579 1449 785 1527 discordiam,
810 1450 1019 1527 ardagastus:
1049 1449 1116 1511 Nos

80 1533 253 1594 scaminus
275 1529 439 1611 Neapolim
455 1531 549 1610 tincta
569 1533 689 1613 qnidam
709 1551 813 1596 casco.
851 1532 955 1593 Litus
977 1533 1116 1612 quidquid

1 1616 2 1676 ἶ
116 1635 191 1695 aqua
209 1615 340 1676 adluitur.
374 1614 522 1676 Flumen
541 1619 632 1678 omnis
644 1615 746 1680 humor
764 1619 812 1696 qui
833 1617 882 1676 vel
906 1617 1020 1678 modice
1043 1615 1113 1678 uuir.

1 1689 2 1725 ³
26 1699 32 1712 ¹
117 1699 279 1781 Torrcns
299 1699 402 1759 ll-uvius
417 1701 483 1779 quia
500 1700 605 1778 pluvia
620 1703 741 1778 crescit,
758 1701 891 1761 siccitate
907 1702 1060 1777 torrescit,
1085 1701 1116 1762 id

106 1792 162 1854 est
178 1785 301 1852 arescit;
316 1783 352 1842 de
368 1800 425 1860 quo
441 1782 583 1844 Pacuvius
598 1787 653 1846 ait:
682 1785 838 1847 Flammea
859 1802 980 1864 sapore
994 1791 1116 1846 torrern

117 1873 223 1936 larrel.
268 1864 373 1927 Ostia
402 1869 496 1927 exitus
519 1867 662 1928 iluminum
682 1871 819 1930 inmane.
865 1867 964 1928 Tolli
979 1886 1116 1947 aquarum

81 1951 282 2031 aspiciemus,
302 1951 404 2028 quales
417 1960 481 2011 sunt
494 1953 522 2010 in
533 1951 645 2012 Aniene
664 1953 777 2014 llumine
793 1971 877 2030 quam
893 1955 1015 2012 maxime
1031 1969 1115 2030 prae·

1 2035 2 2053 .
119 2036 207 2113 cipiti.
251 2031 395 2094 Isidorus
411 2033 449 2094 de
464 2041 580 2096 natura
591 2055 695 2098 rerum
713 2045 856 2111 44,1-4
871 2035 919 2096 cd.
934 2035 1073 2098 Arcaali.

162 2113 226 2176 'De
252 2117 413 2178 nominihus
435 2120 604 2200 ventorum]
635 2119 782 2192 Quosdam
810 2129 905 2180 autem
933 2119 1116 2198 Tranquillus

118 2203 255 2280 proprios
272 2201 403 2260 locorum
413 2200 496 2262 datus
512 2205 598 2263 certis
614 2205 745 2283 appellat
759 2202 926 2279 vocabulis,
940 2221 997 2281 quo
1014 2221 1051 2262 ex
1066 2223 1115 2264 nu·

1 2334 2 2337 ,
117 2301 198 2344 mero
221 2293 286 2344 sunt
304 2285 333 2342 in
357 2286 440 2360 Syria
464 2287 571 2363 Syrus,
596 2284 740 2348 carbasus
761 2285 923 2362 incilicia,
945 2287 1116 2366 inPropon-

1 2367 2 2390 *
82 2391 109 2434 rs
120 2367 178 2434 tide
196 2367 350 2444 Thracias,
372 2369 400 2426 in
415 2367 511 2428 Attica
529 2371 649 2449 Sciron,
671 2374 699 2431 in
714 2371 805 2432 Gallia
821 2368 950 2446 Circius,
971 2372 999 2429 in
1014 2369 1117 2450 Hispa·

51 2525 53 2528 Ι
118 2454 165 2512 nia
181 2452 385 2514 Sucronensis.
420 2449 565 2514 isidoras
580 2453 618 2515 dc
637 2461 753 2516 nalnra
767 2473 871 2515 rernm
886 2461 932 2528 37,
951 2463 980 2514 5.

179 2551 255 2602 Nalm
267 2551 308 2602 hic
319 2560 432 2619 reperere
447 2536 560 2598 Versus
581 2538 617 2598 de
631 2537 686 2598 Xll
701 2541 794 2598 ventis
814 2536 973 2618 Tranquilli
992 2534 1116 2617 physici,

119 2635 182 2687 quos
196 2619 284 2670 alibro
296 2621 455 2673 Bruxellensi
469 2636 509 2672 no.
522 2621 605 2673 10721
625 2621 694 2672 Saec.
707 2621 763 2673 XII.
778 2621 925 2672 Theodorus
938 2620 1028 2673 Oelrler
1041 2623 1118 2674 edidit

117 2692 144 2741 in
155 2688 243 2740 Museo
254 2689 376 2740 Rhenano
393 2689 458 2741 1842
469 2707 495 2756 p.
511 2689 560 2742 130
572 2707 627 2756 sqq.
665 2719 669 2727 ·

82 2785 111 2826 ω
182 2756 338 2837 stipulari]
362 2759 517 2818 Suetonius
533 2767 628 2819 autem
645 2761 762 2836 passive
778 2760 898 2839 protulit
915 2762 944 2819 in
959 2758 1023 2819 llll.
1040 2759 1117 2819 Pra-

117 2851 251 2902 torum:
275 2839 439 2918 Laetoria,
458 2849 632 2922 waeoctat
643 2842 791 2904 minorem
806 2843 898 2905 annis
911 2843 1021 2922 aipinti
1033 2844 1117 2922 qnin-

118 2939 177 3006 pnc
190 2925 338 3002 stipulari
344 2920 617 3068 ἳέπερωτᾶσθαι).
634 2926 816 2988 Priscianus
828 2934 855 3004 8,
871 2937 900 3002 4,
919 2935 955 2987 21
965 2945 998 3006 p.
1014 2934 1070 2988 794
1082 2925 1116 2986 P.

119 3007 273 3070 Suetonius
292 3010 321 3067 in
338 3008 401 3070 lll.
425 3009 613 3072 Pratorum
633 3011 733 3072 minor
752 3010 1006 3092 oipintipainpnc
1021 3029 1117 3072 anno·

118 3108 187 3154 rum
208 3092 357 3170 stipulari
373 3113 436 3155 aon
455 3100 558 3172 potest
571 3097 688 3172 passive
704 3094 784 3155 dixit.
810 3093 992 3156 Priscianus
1008 3101 1054 3169 18,
1073 3101 1118 3171 19,

81 3197 109 3241 sc
121 3181 178 3236 149
188 3193 222 3254 p.
240 3184 316 3237 1164
332 3175 367 3237 P.

182 3259 337 3320 §amonius
352 3263 381 3322 iu
395 3260 472 3321 lllll.
489 3261 696 3326 Pratorum:
728 3261 818 3324 Fasti
837 3261 904 3322 dies
925 3259 1119 3340 santonibus

117 3341 291 3420 inassatam,
319 3345 354 3405 id
372 3350 419 3406 cst
438 3345 569 3421 dicitnr,
595 3352 629 3406 nl
649 3344 765 3424 nefasti
783 3344 893 3426 quibas
912 3365 975 3408 noa
995 3344 1117 3406 dicitnr.

117 3424 303 3489 Priscianus
317 3435 347 3505 8,
360 3439 390 3505 4,
405 3437 442 3490 20
448 3447 482 3508 p.
497 3428 591 3491 793P.
609 3427 751 3491 isidoras
764 3430 926 3492 denatura
936 3447 1039 3491 reram
1052 3437 1077 3506 1,
1088 3438 1118 3489 4.

171 3531 324 3572 suasorius.
903 3516 943 3578 20
1053 3548 1054 3551 ¹

1159 3646 1188 3664 A
