2438 3872
146 229 212 291 me
234 237 1076 299 c.sunrouruuxuc.onmrscsusnnuunrs.vu.

148 398 268 456 nitentia
284 413 368 474 quam
384 413 501 454 sucrum
517 394 712 454 obtestatione
722 394 852 493 obligari
868 396 1019 474 curarique
1036 411 1070 454 se
1087 411 1153 472 pas-

118 499 217 564 sus,
234 482 263 539 in
279 479 381 539 eadem
397 477 526 538 custodia
542 478 644 538 morbo
665 479 760 557 periit.
776 476 808 539 L.
827 497 865 539 ex
882 479 1033 539 consulatu
1048 479 1153 552 Syriae

150 565 353 644 praepositus,
374 562 550 622 Artabanum
574 561 742 622 Parthorum
767 581 870 642 regem
897 563 1014 622 summis
1035 561 1154 621 artibus

150 665 209 708 non
223 647 310 708 modo
326 647 362 708 ad
379 647 564 725 conloquium
580 664 672 722 suum,
687 646 742 706 sed
759 647 844 706 etiam
864 647 900 707 ad
921 643 1088 706 veneranda
1110 645 1152 703 le·

150 735 268 811 giouum
284 733 366 809 signa
380 731 512 811 pellexit.
544 728 614 790 hlcx
636 749 699 789 cum
719 728 840 802 Claudio
861 732 993 828 principe
1013 729 1117 788 duos'
1108 747 1151 788 ιιι-
1159 753 1173 792 s

151 836 242 897 super
256 816 419 877 ordinarios
435 813 601 876 consulatus
615 831 826 893 censuramque
837 815 940 892 gessit.
963 811 1068 873 Curam
1078 829 1152 910 quo·

82 933 83 942 ι
152 919 209 1002 que
225 900 338 979 imperii
352 901 496 974 sustinuit,
514 897 636 958 absente
653 915 690 958 ec
710 898 898 975 expeditione
911 897 1089 968 britannica
1108 897 1154 955 vir

150 989 291 1046 innocens
310 993 339 1044 et
356 983 522 1059 industrius,
539 981 592 1042 sed
606 999 705 1042 amore
722 981 875 1042 libertinae
893 981 1079 1060 perinfamis,
1102 998 1152 1040 ou·

150 1073 195 1130 ius
215 1070 300 1129 etiam
316 1068 414 1128 salivis
432 1067 520 1127 melle
536 1066 713 1142 commixtis,
734 1084 771 1126 ne
793 1067 867 1126 clam
882 1066 997 1145 quidem
1012 1072 1060 1125 aut
1083 1082 1153 1123 ruro

151 1155 205 1214 sed
222 1152 329 1213 cotidie
352 1169 386 1212 ac
405 1143 519 1249 palium,
535 1152 658 1211 arterias
674 1159 704 1210 et
718 1149 819 1210 fauces
840 1168 894 1229 pro
914 1148 1045 1209 remedio
1067 1149 1152 1208 iove·
1139 1172 1189 1218 ·ιι

150 1237 209 1296 bat.
231 1234 312 1295 Idem
325 1235 388 1293 miri
403 1237 432 1292 iu
447 1233 613 1295 adulando
603 1235 724 1312 ingenii,
741 1230 896 1313 primusc.
910 1233 1066 1295 Gaesarem
1081 1232 1154 1292 ado

150 1337 217 1380 rare
233 1327 263 1378 ut
277 1319 362 1378 deum
377 1319 507 1393 instituit,
525 1336 589 1378 cum
603 1335 742 1378 reversus
758 1336 795 1377 ex
811 1319 963 1394 Syrianon
974 1317 1060 1378 aliter
1070 1315 1154 1376 adire

150 1422 238 1465 ausus
254 1412 334 1462 esset
351 1419 436 1481 quam
452 1403 548 1480 capite
565 1402 663 1478 velato
680 1404 965 1480 circumuertensque
980 1420 1029 1476 se,
1046 1400 1155 1460 deinde

152 1488 357 1569 procumbens.
391 1486 541 1547 claudium
553 1485 692 1546 uxoribus
708 1486 879 1565 libertisque
892 1487 1036 1546 addictum
1049 1503 1156 1563 nequa

151 1591 210 1632 non
222 1583 284 1632 arte
300 1572 510 1646 demereretur,
525 1589 579 1648 pro
595 1572 719 1631 maximo
735 1588 853 1630 munere
869 1589 886 1630 a
899 1569 1061 1630 Messalina
1068 1570 1154 1647 petit,
1168 1587 1191 1628 rs
1206 1641 1207 1644 Ἴ

151 1666 182 1717 ut
196 1656 255 1716 sibi
270 1656 363 1746 pedes
384 1654 542 1734 praeberet
564 1654 787 1722 excalciandos;
810 1653 1028 1732 detractumque
1047 1669 1155 1712 soccu-

151 1743 209 1802 lum
228 1725 359 1801 danuam
375 1741 451 1799 inter
464 1749 562 1816 togam
582 1739 753 1819 tunicasque
775 1740 904 1815 gestavit
921 1737 1056 1812 assidue,
1080 1735 1155 1795 non-

152 1842 304 1902 numquam
318 1822 543 1884 osculabundus.
575 1820 706 1882 Narcissi
722 1839 839 1900 quoque
855 1831 885 1881 et
902 1821 1060 1882 Pallantis'
1052 1822 1154 1898 imagi·

152 1928 206 1970 nes
220 1926 323 1968 aureas
339 1909 414 1967 inter
427 1906 516 1966 hares
533 1905 632 1966 coluit.
665 1905 756 1966 Huius
771 1914 799 1965 et
814 1906 862 1966 illa
884 1923 943 1966 uox
966 1915 1026 1964 est:
1047 1903 1157 1983 Saepe

150 1993 278 2072 facias!
302 2010 365 2051 cum
381 1990 556 2052 Saeculares
579 1989 664 2049 ludos
689 1991 786 2049 edenti
804 1990 921 2050 Claudio
941 1989 1153 2066 gratularetur.
1166 2009 1191 2049 ao

123 2075 290 2144 abscessit
306 2074 434 2152 paralysi
449 2074 542 2134 altero
556 2075 602 2134 dic
618 2091 702 2151 quam
718 2083 871 2153 correptus
885 2083 939 2150 est,
957 2073 1071 2133 duobus
1084 2073 1156 2132 liliis

152 2159 370 2238 superstitibus,
384 2175 459 2236 quos
474 2177 512 2216 ex
528 2157 649 2218 Sextilia
667 2158 870 2236 probatissima
887 2176 943 2217 nec
964 2158 1086 2235 ignobili
1109 2157 1155 2216 le·

151 2245 226 2304 mina
240 2242 335 2302 editos
352 2241 488 2301 consules
504 2241 591 2315 vidit,
609 2250 638 2300 et
656 2242 771 2320 quidem
787 2243 891 2302 eodem
906 2240 1007 2301 ambos
1029 2251 1157 2319 totoque

152 2345 238 2402 anno,
255 2344 318 2386 cum
331 2326 433 2385 maiori
449 2326 543 2384 minor
556 2326 585 2382 in
601 2343 655 2384 sex
669 2343 786 2385 menses
801 2322 1007 2386 successisset.
1041 2325 1155 2384 Defun-

153 2421 228 2472 ctum
245 2419 361 2470 senatus
378 2408 497 2487 publico
512 2409 615 2468 funere
631 2409 799 2487 honoravit,
822 2413 890 2470 item
910 2419 1004 2470 statua
1026 2426 1080 2488 pro
1103 2425 1152 2468 ro·
1165 2432 1191 2471 aa

106 2513 109 2520 ·
152 2499 219 2556 stris
241 2513 305 2556 cum
325 2493 381 2554 hac
402 2494 606 2572 inscriptione:
639 2495 799 2571 pietatis
830 2493 1030 2553 immobilis
1060 2511 1155 2570 erga

152 2581 272 2657 princi
307 2597 367 2639 em.

194 2664 230 2722 A.
243 2599 378 2723 Vrbelhus
396 2662 427 2722 L
441 2662 516 2722 lilius
527 2660 695 2738 Imperator
707 2671 789 2721 uatus
809 2671 854 2722 est
871 2660 948 2722 Vlll.
959 2660 1006 2720 lll.
1019 2659 1083 2722 Oct.
1101 2659 1154 2720 vel

152 2747 303 2823 utquidam
314 2746 378 2806 Vll.
390 2744 432 2806 ld.
445 2747 527 2824 Sept
537 2742 634 2803 Druso
649 2742 789 2822 Caesare,
801 2746 936 2806 Norbano
944 2745 1054 2806 Flacco
1067 2763 1153 2806 cons
1206 2745 1207 2748 ’

153 2828 357 2890 Genituram'
330 2848 393 2888 erus
408 2830 586 2908 praedictam
609 2829 848 2889 anathematicis
872 2833 910 2890 ita
933 2840 1071 2909 parentes
1099 2847 1152 2888 ex·
1164 2849 1191 2891 ao

150 2913 339 2989 horruemnt,
355 2922 485 2993 ut'pater
503 2930 609 2990 magno
633 2930 726 2991 opere
748 2931 866 2993 semper
891 2912 1090 2990 contenderit,
1115 2932 1154 2972 ne

152 3015 207 3076 qua
224 2998 250 3055 ei
266 2999 417 3075 provincia
432 3000 499 3057 vivo
516 3015 550 3056 se
567 2999 805 3074 committeretur,
820 3006 913 3064 mater
928 3007 957 3058 et
978 3000 1097 3074 missum
1117 2997 1156 3057 ad
1206 3065 1207 3070 η

150 3081 285 3159 legiones
309 3089 339 3141 et
359 3081 536 3158 appellatum
558 3083 764 3160 imperatorem
786 3100 840 3161 pro
863 3081 972 3142 afflicto
994 3083 1092 3142 statim
1109 3081 1154 3142 la·

150 3174 274 3226 mentata
298 3166 345 3224 sit.
384 3165 538 3225 Pueritiam
563 3167 740 3244 primamque
768 3163 1156 3244 adulescentiam-Capreis

150 3251 210 3327 egit
227 3252 301 3311 inter
316 3248 466 3310 Tiberiana
482 3258 597 3324 scorta,
614 3253 723 3327 etipse
742 3261 886 3328 perpetuo
903 3249 1083 3328 spintheriae
1099 3266 1152 3309 co·
1163 3273 1191 3314 as

150 3337 286 3409 gnomine
306 3343 422 3394 notatus
447 3334 686 3413 existimatusque
715 3353 730 3393 c
752 3337 849 3412 rporis
874 3335 968 3412 gratia
990 3335 1101 3394 initium
1121 3343 1154 3394 et

151 3433 238 3478 causa
259 3420 500 3479 incrementorum
520 3418 595 3495 patri
614 3419 706 3478 luisse
716 3351 884 3563 {sequenti
907 3435 1026 3498 quoque
1050 3427 1153 3479 aetate

150 3501 281 3560 omnihus
302 3502 419 3580 probris
441 3501 658 3562 contaminatus.
699 3502 721 3563 P
756 3504 888 3582 ecipuurn
909 3503 937 3560 in
960 3502 1026 3563 aula
1049 3503 1153 3563 locum

683 3664 722 3819 h
