2444 3872
151 176 216 246 ttl‘l
257 187 286 238 o.
302 186 452 236 sounoru
468 185 596 244 nermo.
612 185 660 231 nn
674 184 758 232 uuna
774 183 958 231 cassanum
975 183 1045 230 ms.
1057 183 1089 231 u.

152 345 219 422 quin
237 341 273 402 de
298 339 516 402 condicionibus
530 341 667 399 continuo
681 347 836 416 tractaret,
859 339 944 398 etiam
959 336 995 397 de
1008 337 1148 416 Paetinae,

152 445 236 506 quam
253 425 321 485 olim
344 433 502 501 exegerat,
528 423 623 502 deque
636 423 746 483 Lolliae
766 421 917 497 Paulinae,
939 420 1062 500 quaec.
1081 420 1147 482 Cae*

40 565 45 576 ,
153 513 210 572 sari
232 517 320 587 nupta
341 509 444 568 luerat.
470 509 579 568 Verum
597 506 756 566 inlecebris
775 505 975 584 Agrippinae,
992 505 1148 567 Germanici

152 595 251 654 iratris
275 595 319 652 sui
340 592 435 668 liliae,
459 609 512 671 per
528 593 573 650 ina
595 590 688 651 osculi
707 598 736 650 et
754 589 954 650 blanditiarum
978 590 1148 650 occasiones

153 677 322 758 pellectus·
314 695 343 735 ιιι
359 693 502 752 amorem,
527 675 695 736 subornavit
710 676 845 752 proximo
861 682 961 734 senatu
980 675 1029 752 qui
1052 691 1170 738 oense-a

152 771 232 837 rent,
250 761 414 838 cogendum
428 778 461 819 se
476 759 513 819 ad
532 758 692 818 ducendum
713 775 776 818 eam
795 775 932 834 uxorem,
955 759 1037 836 quasi
1058 759 1101 818 rei
1120 776 1149 836 p.

151 846 275 906 maxime
287 847 443 904 interesset
444 843 643 922 ,dandamque
653 843 759 902 ceteris
771 844 887 902 veniam
897 841 1149 918 talimuconiugio·

152 947 229 1006 rum,
243 947 316 1008 quae
331 929 366 988 ad
381 928 409 987 id
420 938 534 1007 tempus
547 928 657 986 incesta
672 925 860 986 habebantur.
877 925 963 984 Ac
934 944 985 985 unx
998 943 1057 985 uno
1065 927 1149 984 mter

51 1028 110 1065 u'tt
107 1014 250 1094 ·7posito
279 1013 326 1072 die
353 1013 482 1072 coniecit
507 1013 635 1090 nuptias;
660 1027 717 1070 non
742 1011 869 1087 repertis
891 1011 940 1088 qui
962 1018 1150 1088 sequerentur

154 1097 334 1174 exemplum,
350 1105 477 1174 excepto
492 1096 627 1154 libertino
649 1093 788 1172 quodam,
811 1103 840 1153 et
860 1093 952 1154 altero
972 1093 1184 1172 primipilarius

154 1182 234 1240 cuius
258 1181 418 1258 nuptiarum
439 1179 564 1238 cilicium
580 1187 610 1238 et
632 1182 697 1257 ipse
719 1195 783 1236 curn
797 1176 960 1256 Agrippina
980 1176 1150 1237 celebravit.

110 1264 276 1325 utbihsros
298 1279 335 1321 ex
356 1262 447 1322 tribus
469 1263 607 1324 uxoribus
623 1262 699 1323 tulit:
727 1281 765 1322 ex
779 1261 962 1338 Urgulanilla
983 1260 1106 1322 Drusum
1122 1269 1152 1320 et

155 1345 316 1422 Claudiam,
340 1364 378 1406 ex
399 1345 517 1406 Paetina
538 1346 708 1422 Antoniam,
731 1364 769 1405 ex
786 1345 942 1407 Messalina
957 1345 1105 1406 Octaviam
1123 1353 1153 1404 et

154 1449 238 1512 quem
266 1431 358 1509 primo
379 1429 594 1508 Germanicum,
620 1448 688 1491 mox
709 1429 1150 1507 Britannicumcognominavit.

151 1516 275 1577 Drusum
286 1514 422 1594 Pompeis
435 1514 612 1594 impuberem
625 1516 727 1590 amisit,
739 1516 803 1593 piro
819 1533 873 1593 per
886 1514 981 1574 lusum
990 1515 1018 1572 in
1030 1513 1152 1573 sublime
1161 1534 1186 1574 rs

152 1602 258 1662 iactato
271 1608 299 1658 et
310 1598 386 1660 hiatu
399 1602 459 1660 oris
469 1609 595 1679 excepto
608 1598 831 1675 strangulatum,
845 1616 907 1657 cunr
920 1599 947 1658 ei
959 1607 1024 1658 ante
1041 1615 1151 1676 paucos

153 1685 215 1744 dies
232 1683 318 1743 liliam
334 1685 430 1743 Seiani
444 1683 656 1761 despondisset.
685 1683 749 1756 Quo
764 1685 856 1758 magis
871 1685 961 1742 miror
975 1683 1081 1759 luisse,
1103 1683 1152 1761 qui

153 1769 300 1828 traderent
314 1768 446 1830 iraudea
467 1769 573 1828 Seiano
588 1776 729 1827 necatum.
757 1765 904 1826 Claudiam
920 1785 958 1826 ex
973 1765 1079 1826 liberto
1097 1783 1151 1825 suo

152 1853 260 1912 Botere
289 1860 474 1930 conceptam,
503 1853 632 1930 quamvis
653 1861 718 1911 ante
740 1853 866 1929 quintum
886 1867 1015 1918 mensem
1035 1850 1151 1910 divortii

153 1945 246 1996 natam
262 1935 358 2014 alique
374 1945 523 2016 coeptam,
540 1937 647 2016 exponi
663 1944 757 1994 tamen
772 1934 807 2011 ad
821 1937 920 1994 matris
931 1937 1043 1996 ianuam
1058 1943 1088 1994 ct
1102 1953 1151 1994 nu·
1161 1952 1187 1993 aa

153 2020 216 2079 darn
243 2020 324 2078 iussit
344 2019 428 2079 abici.
471 2020 625 2082 Antoniam
647 2019 706 2080 GN.
731 2019 871 2098 Pompeio
893 2019 1015 2096 Magno,
1047 2019 1152 2080 deinde

151 2102 260 2162 Fausto
277 2103 391 2179 Sullae,
416 2103 602 2165 nobilissimis
616 2103 780 2180 iuvenibus,
803 2103 951 2164 Octaviam
965 2103 1076 2163 Neroni
1094 2105 1153 2182 pri·
1206 2121 1207 2124 ¹

152 2186 241 2262 riguo
261 2203 313 2246 suo
330 2187 503 2261 collocavit,
527 2189 624 2248 Silano
647 2197 712 2246 ante
733 2187 917 2266 desponsam.
947 2187 1152 2264 Britannicum,

152 2270 292 2328 vicesimo
305 2271 416 2348 imperii
431 2271 477 2330 die
491 2273 576 2350 inque
592 2272 720 2332 secundo
734 2272 883 2332 consulatu
895 2281 990 2332 natum
1003 2271 1069 2349 sibi,
1085 2290 1152 2352 par-

152 2353 249 2414 vulum
265 2356 349 2415 etiam
365 2363 434 2432 tum,
449 2364 478 2414 et
491 2356 573 2414 militi
589 2372 642 2433 pro
659 2356 794 2414 contione
809 2355 940 2415 manibus
954 2359 1014 2416 suis
1029 2366 1187 2432 gestansas

152 2447 182 2498 et
198 2438 278 2518 plebi
299 2457 352 2518 per
375 2440 544 2517 spectacula
561 2440 674 2516 gremio
690 2448 738 2499 aut
758 2448 824 2498 ante
839 2458 872 2499 se
888 2440 1017 2500 retinens
1035 2440 1153 2500 assidue

153 2523 372 2585 commendabat
395 2524 554 2602 faustisque
577 2522 718 2582 ominibus
745 2541 808 2582 cum
828 2523 1048 2584 adclamantium
1066 2523 1154 2583 turba

152 2609 392 2685 prosequebatur
426 2606 451 2668 Ε
476 2608 594 2684 generis
614 2605 761 2666 Neronem
786 2607 952 2686 adoptavit,
980 2606 1154 2687 Pompeium

152 2697 237 2767 atque
252 2691 378 2751 Silanum
395 2709 453 2752 non
467 2693 613 2751 recusavit
627 2691 731 2768 modo,
746 2691 797 2751 sed
812 2699 842 2750 et
856 2694 1009 2752 interemit.

85 2780 144 2866 28
213 2770 392 2835 Libertorum
408 2777 565 2854 praecipue
583 2776 715 2853 suspexit
727 2774 852 2835 Posiden
868 2775 1044 2854 spadonem,
1062 2795 1190 2855 quemao

82 2889 98 2904 --
151 2857 236 2916 etiam
255 2855 418 2918 Britannico
446 2859 589 2938 triumpho
618 2861 692 2918 inter
712 2859 850 2919 militares
876 2861 955 2920 uiros
974 2860 1056 2922 hasta
1077 2879 1156 2939 pura

150 2939 282 3010 donavit;
299 2960 354 3001 nec
367 2942 460 3002 minus
475 2942 620 3021 Felicem,
637 2961 721 3022 quem
737 2942 906 3004 cohortibus
920 2953 949 3004 et
961 2943 1015 3005 alis
1030 2946 1155 3022 provin-

151 3023 272 3103 ciaeque
295 3025 420 3086 iudaeae
442 3030 626 3106 praeposuit,
656 3030 738 3088 trium
759 3029 922 3104 reginarum
944 3030 1093 3098 maritum;
1124 3038 1157 3088 ot

149 3107 339 3187 Harpocran,
366 3113 410 3170 cui
436 3111 541 3172 lectica
564 3130 617 3190 per
642 3112 741 3173 urbem
770 3111 893 3172 vehendi
920 3113 1155 3192 spectaculaque

150 3191 267 3270 publice
285 3193 409 3254 edendi'
401 3213 445 3254 rus
460 3195 572 3264 tribuit;
588 3214 623 3255 ac
639 3214 727 3275 super
744 3196 799 3255 lios
813 3194 964 3271 Polybium
979 3195 1017 3257 ab
1033 3197 1192 3274 studiis,as

151 3277 198 3352 qui
225 3295 315 3356 saepe
341 3280 416 3338 inter
438 3278 511 3338 duos
534 3279 669 3339 consules
691 3278 867 3353 ambulabat;
893 3280 1031 3340 sedante
1053 3285 1156 3341 omnis

149 3356 316 3419 Narcissum
336 3361 371 3422 ab
393 3362 540 3441 epistulis,
564 3347 764 3424 ctPallantem
780 3364 985 3442 arationibus,
1008 3383 1085 3444 quos
1101 3366 1155 3426 de·

150 3449 232 3500 creto
250 3461 363 3524 quoque
381 3455 497 3506 senatus
513 3463 569 3505 non
585 3450 720 3525 praemiis
740 3447 826 3509 modo
842 3449 1038 3528 ingentibus,
1048 3450 1156 3511 sedet
