2444 3872
505 193 536 242 c.
558 193 744 245 cnurnnnn.
1073 189 1129 250 121

133 346 276 423 gistanum
299 347 489 425 abstinuisse,
509 350 587 429 quod
612 350 687 429 apud
710 350 833 412 Parthos
855 353 942 414 iustiti
964 355 1130 416 instarent.

131 430 243 491 Rornae
259 431 383 511 quidem,
408 448 471 492 cum
486 433 522 493 ad
536 434 655 513 primam
669 435 773 496 lamam
788 435 951 498 valitudinis
966 440 1083 500 attonita
1102 448 1131 499 et
1145 445 1163 500 6

131 523 242 574 maesta
262 517 363 576 civitas
384 519 531 596 sequentis
546 519 660 579 nuntios
677 519 874 598 opperiretur,
893 528 922 580 et
935 530 1058 600 repente
1074 524 1129 582 iam

131 597 250 678 vesperi
260 601 378 660 incertis
388 599 554 662 auctoribus
567 601 751 662 convaluisse
763 602 877 664 tandem
885 603 1129 688 pppcrebruisset,
1151 608 1171 674 ε

107 684 239 762 spassim
261 701 326 744 cum
350 682 500 744 luminibus
520 695 550 745 et
571 687 694 748 victimis
716 687 743 745 iu
764 684 936 766 Capitolium
958 705 1129 750 concursum

118 776 176 826 -est
191 784 226 826 ac
248 785 342 846 paene
365 767 501 832 reuolsae
523 769 624 849 templi
639 769 736 846 iores,
758 788 795 830 ne
809 770 877 850 quid
891 773 1044 848 gestientis
1060 782 1129 833 rota

129 849 254 911 reddere
273 860 452 929 moraretur,
476 853 737 932 expergefactuse
758 870 860 914 somno
881 852 1015 915 'liberius
1032 865 1129 933 gratu-

102 987 105 994 .
130 932 248 995 lantiam
263 933 386 997 vocibus
400 944 486 1016 atque
503 937 627 1015 undique
645 938 869 998 concinentium:

204 1017 305 1080 Sulca
319 1019 430 1098 Romu,
446 1021 539 1080 anlon
555 1021 675 1098 putria,
691 1020 799 1081 cnloco
814 1027 861 1081 ert
871 1019 1081 1082 Germanicus.

93 1121 119 1166 to
130 1101 168 1163 lit
183 1111 213 1162 ut
236 1103 347 1162 demum
368 1103 429 1164 lato
451 1103 578 1164 iunctum
597 1104 692 1184 palam
714 1105 821 1164 iactum
848 1114 907 1181 est,
932 1121 990 1165 nou
1017 1106 1163 1168 solatiisc

129 1185 212 1263 ullis,
233 1204 291 1246 nou
306 1186 409 1248 edictis
425 1186 547 1248 inhiberi
568 1188 662 1248 luctus
678 1186 811 1266 publicus
827 1189 935 1268 potuit,
960 1181 1127 1270 duravitque

130 1272 216 1331 etiarn
231 1288 285 1349 per
299 1270 392 1330 iestos
407 1269 579 1332 Decembris
596 1273 705 1332 mensis
723 1271 794 1332 dies.
838 1271 927 1332 Auxit
942 1271 1065 1349 gloriam
1077 1274 1125 1332 de·

128 1354 322 1432 sideriumque
348 1353 474 1416 defuncti
497 1364 526 1416 et
553 1356 692 1416 atrocitas
717 1357 926 1436 insequentium
955 1365 1126 1434 temporum,

129 1439 241 1498 cunctis
264 1455 320 1497 neo
341 1446 451 1499 temere
472 1439 655 1519 opinantibus
676 1442 841 1508 reuerentia
855 1441 917 1498 eius
933 1458 968 1499 ac
986 1449 1063 1499 metu
1079 1459 1124 1500 re·

91 1540 260 1602 repressam
282 1520 380 1582 'liberi
402 1525 570 1598 saevitiam,
600 1541 674 1600 quae
694 1540 763 1582 mox
785 1523 923 1602 eruperit.
966 1521 1070 1582 Habuit
1097 1525 1159 1585 int

125 1607 308 1666 matrimonio
325 1605 527 1685 Agrippinam,
541 1605 580 1667 bl.
598 1606 750 1686 Agrippae
766 1615 794 1665 et
807 1605 897 1667 luliae
913 1605 1016 1684 liliam,
1036 1615 1066 1668 et
1086 1625 1126 1666 ex

126 1709 163 1750 ea
179 1706 285 1764 norem
305 1689 416 1749 liberos
438 1690 515 1750 tulit:
547 1707 666 1768 quorum
686 1687 743 1750 duo
770 1689 894 1748 infantes
919 1689 1013 1749 adbuc
1037 1693 1125 1769 rapti,

125 1777 270 1834 nausiam
286 1792 463 1853 puerascens
480 1774 585 1850 insigni
600 1772 767 1847 festivitate,
785 1773 865 1832 cuius
883 1773 1010 1849 effigiem
1026 1771 1126 1834 babitu

127 1855 276 1938 Cupidinis
291 1855 404 1919 incede
421 1850 608 1938 Capitolinae¹
618 1859 743 1918 Veneris
756 1855 836 1916 Livia
854 1855 1007 1934 dedicavit,
1025 1855 1124 1933 Augu·

1 2005 2 2016 ,
88 1961 116 2003 ao
129 1951 191 2002 stus
203 1943 231 2001 iu
248 1941 381 2002 cubiculo
399 1959 451 2001 suo
468 1942 601 2021 positam,
623 1941 814 2020 quotiensque
830 1941 977 2016 introiret,
1001 1956 1124 2000 exoscu-

1 2035 2 2040 ’
126 2025 254 2095 labatnr;
272 2027 364 2086 ceteri
381 2025 555 2105 superstites
570 2026 644 2104 patri
660 2025 784 2100 luerunt,
804 2031 864 2082 tres
881 2041 968 2083 sexus
984 2024 1129 2099 feminini,-

126 2108 289 2190 Agrippina
302 2109 429 2170 Drusilla
448 2108 561 2185 Liuilla,
585 2109 721 2169 continuo
742 2107 865 2167 triennio
884 2115 982 2175 natae;
1006 2106 1125 2168 totidem

125 2211 232 2271 mares,
256 2193 336 2253 Nero
359 2202 388 2252 et
405 2191 517 2254 Drusus
535 2201 563 2252 et
581 2189 614 2253 0.
633 2189 752 2252 Caesar.
782 2189 930 2250 Neronem
951 2199 979 2250 et
1001 2190 1125 2250 Drusum

125 2281 244 2339 senatus
261 2277 378 2338 Tiberio
396 2279 562 2338 criminante
574 2272 673 2336 hostes
688 2273 851 2356 iudicarit.¹

27 2439 29 2444 Ι
87 2376 116 2418 m
192 2359 225 2423 G.
238 2358 347 2422 Caesar
361 2371 443 2422 natus
460 2370 504 2420 est
515 2359 608 2438 pridie
624 2359 670 2420 itt.
685 2360 766 2439 Sept.
783 2366 866 2438 patre
882 2376 936 2418 suo
951 2367 981 2417 et
1000 2357 1033 2418 D.
1048 2358 1123 2417 uon·
1139 2367 1162 2422 8

124 2445 185 2506 teio
208 2443 349 2525 Capitone
370 2463 447 2506 coss.
480 2445 538 2507 Ubi
560 2453 642 2506 natus
665 2445 716 2520 sit,
738 2445 880 2502 incertum
899 2441 1051 2502 diversitas
1067 2449 1123 2501 tra·

125 2529 253 2590 dentium
269 2530 348 2590 lacit.
379 2527 438 2590 GN.
456 2528 592 2590 Lentulus
613 2526 779 2589 Gaetulicus
794 2524 891 2586 'liburi
906 2526 1035 2602 genitum
1052 2525 1123 2582 scri·

124 2612 178 2691 bit,
200 2613 309 2674 Plinius
331 2613 481 2672 Secundus
501 2615 530 2671 in
550 2612 705 2688 Treveris,
738 2611 805 2670 vico
830 2607 1011 2669 Ambitaruio
1035 2626 1124 2687 supra

127 2693 330 2766 (inclinantem
347 2697 425 2758 addit
441 2698 525 2756 etiam
542 2714 596 2774 pro
612 2703 797 2772 argumento,
812 2711 878 2754 aras
894 2691 934 2751 ibi
953 2691 1067 2754 ostendi
1082 2693 1123 2751 irr-

86 2783 269 2861 aoscriptas:
287 2780 330 2841 ob
351 2781 587 2859 Agrippinae
615 2779 862 2856 puerperium.
905 2776 1053 2836 Versiculi
1073 2777 1123 2834 im·

125 2874 247 2944 perante
262 2883 332 2926 mox
347 2883 383 2926 eo
401 2862 539 2941 divulgati
552 2861 627 2941 apud
643 2861 779 2922 hibernas
791 2860 927 2938 legiones
939 2869 1125 2940 procreatum

123 2947 267 3010 indicant:

251 3037 289 3094 In
303 3040 403 3094 cestris
424 3040 516 3103 nutus,
525 3035 630 3106 patriis
643 3037 763 3090 nutmms
783 3035 813 3088 in
832 3037 927 3102 armis,

166 3172 168 3175 ,
333 3121 396 3176 Iam
417 3121 553 3191 designati
563 3120 704 3190 princepis
724 3133 803 3174 omen
819 3122 889 3172 erat.

49 3270 54 3276 ,
84 3201 192 3281 robigo
213 3205 243 3262 in
264 3201 337 3263 actis
355 3199 423 3262 Anti
446 3199 552 3259 editum
570 3198 696 3258 invenio.
742 3195 920 3257 Gaetulicum
938 3193 1048 3253 refellit
1066 3191 1124 3252 Pli·
1175 3264 1179 3269 ‚

19 3340 25 3353 .
123 3287 188 3349 nius
212 3285 293 3366 quasi
314 3285 461 3346 mentitum
483 3301 536 3363 per
557 3281 765 3356 adulationem,
786 3288 816 3339 ut
838 3278 873 3339 ad
894 3276 994 3338 laudes
1009 3277 1125 3335 iuvenis

124 3371 307 3448 gloriosique
323 3369 463 3448 principis
479 3364 586 3444 aliquid
603 3366 687 3426 etiarn
704 3383 742 3424 ex
756 3363 831 3422 urbe
842 3361 962 3422 Herculi
976 3377 1060 3419 sacra
1075 3377 1122 3418 su·

123 3464 225 3534 meret,
243 3453 419 3532 abusumque
432 3450 580 3512 audentius
597 3447 758 3523 mendacio,
775 3445 852 3526 quod
869 3437 1126 3504 anteaunumlere
