2438 3872
164 481 168 486 ⁴
291 535 333 616 o.
362 429 598 616 souuoru
621 531 960 620 mennonium

136 705 259 806 DE
307 699 543 800 'VITA
591 696 1106 800 CAESARUM

372 926 377 938 ,
485 864 756 964 eruunvur.

186 1075 335 1148 omos
359 1061 696 1147 VESPASIANUS.
747 1071 892 1144 mvos
912 1072 1058 1146 mos

464 1189 773 1264 nortmanos
1034 1231 1035 1238 κ

529 1383 717 1394 ----...

374 1605 376 1609 Ι
427 1523 539 1578 uttts
560 1521 827 1578 VESPASIANUS.

98 1694 115 1747 1
185 1681 359 1744 Rebellione
374 1683 456 1742 trium
473 1681 635 1760 principum
651 1689 680 1740 et
696 1680 786 1741 caede
799 1681 940 1742 incertum
952 1681 998 1742 diu
1011 1691 1040 1742 et
1052 1702 1122 1763 qua-

124 1767 151 1827 si
170 1784 276 1844 vagum
301 1767 451 1844 imperium
482 1767 612 1844 suscepit
630 1766 811 1843 firmavitque
831 1765 944 1825 tandem
961 1785 1036 1844 gens
1055 1767 1122 1828 Fla-

126 1854 189 1929 via‚
211 1850 335 1912 obscura
349 1849 398 1909 illa
416 1849 531 1928 quidem
545 1867 580 1908 ac
604 1851 666 1909 sine
688 1848 754 1908 ullis
778 1851 917 1914 maiorum
937 1852 1122 1930 imaginibus,

126 1935 179 1995 sed
192 1944 287 1996 tamen
300 1935 344 1992 rei
355 1951 385 2012 p.
402 1950 583 2011 nequaquam
595 1932 782 2011 paenitenda;
803 1942 919 1993 constet
929 1933 1008 2010 licet,
1023 1935 1122 1996 Domi-

126 2023 231 2080 tianum
250 2017 413 2097 cupiditatis
426 2035 461 2077 ae
477 2017 615 2078 saevitiae
632 2018 735 2076 merito
752 2034 865 2096 poenas
879 2018 979 2077 luisse.
1134 2031 1147 2069 s
1211 2027 1212 2050 ³

189 2103 223 2162 T.
241 2101 358 2161 Flavius
374 2099 476 2179 Petro,
497 2101 647 2178 municeps
663 2101 816 2178 Reatinus,
839 2099 920 2162 bello
939 2102 1016 2161 civili
1036 2101 1123 2162 Pom·

12 2187 17 2193 ’
126 2189 292 2265 peianarum
308 2185 430 2264 partium
450 2185 580 2245 centurio
599 2201 634 2244 an
651 2193 809 2261 evocatus,
834 2186 965 2264 profugit
981 2204 1019 2244 ex
1033 2184 1123 2246 l'har·

124 2270 215 2330 salica
230 2269 294 2328 acie
309 2267 481 2347 domumque
497 2287 529 2328 se
551 2267 686 2344 contulit⁷
707 2267 756 2328 ubi
779 2268 882 2328 deinde
903 2269 987 2328 venia
1010 2279 1039 2329 et
1055 2272 1124 2330 mis·

127 2356 209 2414 sione
235 2354 387 2430 impetrata
418 2355 587 2412 coactiones
616 2353 796 2428 argentarias
825 2352 976 2428 factitavit.
1031 2353 1125 2414 Huius

126 2437 212 2512 lilius,
229 2436 403 2513 cognomine
419 2436 559 2512 Sabinus,
577 2454 685 2514 expers
700 2435 817 2496 militiae
839 2438 911 2514 (etsi
926 2436 1041 2514 quidam
1057 2456 1125 2498 eum
1135 2454 1162 2496 uo

126 2520 347 2600 primipilarem,
363 2520 510 2596 nonnulli,
527 2538 590 2580 oum
608 2519 701 2579 adhuc
723 2520 840 2581 ordines
861 2518 998 2597 duceret,
1024 2524 1124 2582 sacra·

122 2612 222 2665 mento
238 2603 361 2664 solutum
379 2621 434 2682 per
446 2621 561 2664 causam
573 2602 736 2664 valitudinis
749 2603 878 2682 tradunt)
892 2603 1038 2683 publicum
1051 2623 1125 2684 qua-
1211 2599 1212 2664 ᾗ

126 2689 309 2764 dragesimae
323 2689 351 2746 in
367 2687 443 2746 Asia
453 2689 529 2764 egit;
545 2687 756 2766 manebantque
770 2689 911 2765 imagines
928 2689 1126 2749 acivitatiltus

124 2774 151 2832 ei
164 2773 280 2850 positae
296 2770 348 2829 sub
363 2771 420 2830 hoc
435 2771 533 2832 titulo:
549 2767 668 2840 Καλῶς
684 2763 918 2848 τελωνήσαντι.
935 2772 1043 2833 Postea
1058 2773 1123 2834 lae·

111 2868 178 2915 'nus
196 2853 272 2934 apud
286 2853 436 2914 Helvetios
453 2856 585 2914 exercuit
601 2854 698 2933 ibique
713 2854 788 2916 diem
809 2855 895 2932 obiit,
912 2857 1162 2935 superstitibus-rs

124 2955 217 2998 uxore
233 2939 378 3016 Vespasia
394 2937 476 2998 Polla
492 2947 522 2997 et
535 2938 648 2998 duobus
666 2957 703 2998 ex
718 2957 752 2998 ea
764 2939 875 3015 liberis,
892 2958 1013 3018 quorum
1027 2942 1125 3002 maior

125 3021 248 3083 Sabinus
263 3021 299 3081 ad
321 3022 533 3100 praefecturam
549 3022 645 3098 urhis,
664 3023 757 3082 minor
772 3025 969 3102 Vespasianus
990 3025 1027 3086 atl
1041 3028 1124 3104 prin-

124 3107 248 3186 cipatum
260 3123 351 3184 usque
363 3107 518 3183 processit.
542 3104 635 3182 Polla,
648 3105 771 3166 Nursiae
783 3106 906 3168 honesto
918 3125 1030 3185 genere
1044 3118 1123 3187 orta,

122 3200 234 3269 patrem
256 3188 353 3249 habuit
374 3190 547 3267 Vespasium
568 3188 748 3266 Pollionem,
772 3201 817 3250 ter
836 3191 977 3251 tribunum
999 3193 1124 3253 militum
1211 3263 1212 3266 Ἴ

124 3275 361 3352 praefectumque
377 3281 551 3350 castrorum,
574 3273 692 3333 fratrem
711 3283 874 3334 senatorem
894 3278 1062 3354 praetoriae
1078 3276 1163 3337 (li-20

120 3358 248 3430 gnitatis.
281 3357 374 3414 Locus
391 3357 480 3416 etiam
499 3355 536 3417 ad
559 3365 670 3416 sentum
690 3357 840 3418 miliarium
860 3357 996 3419 aNursia
1014 3356 1124 3436 Spole·
1211 3437 1212 3442 η

1208 475 1212 626 l
