2444 3872
502 167 608 217 mvoo
628 167 810 217 cenamus.
1096 158 1158 220 toa

154 323 332 465 conscientia
349 340 482 408 quoque,
498 342 555 383 nec
570 325 662 383 minus
679 323 827 384 delatores
841 324 994 385 multorum
1010 325 1159 386 criminum

153 423 187 470 ar
228 416 324 466 eant.

187 423 255 550 gulit
271 508 385 552 veneno
401 490 516 570 quidem
532 494 662 554 occisum
685 493 835 562 convenit3
865 491 917 564 uhi,
935 502 1030 554 autem
1051 502 1082 552 et
1103 511 1160 572 per

154 591 239 654 qoem
252 573 335 653 dato,
352 575 509 655 discrepat.
535 574 656 652 Quidam
670 575 798 653 tradunt,
816 577 944 656 epulanti
958 579 987 635 in
1006 594 1075 637 arce
1092 595 1157 636 cum

132 657 357 720 ssaoerdotibus
385 676 439 739 per
459 658 593 720 Halotum
615 658 775 740 spadonem
801 669 1068 738 praegustatorem
1097 660 1156 736 alii,

154 741 315 805 domestico
339 743 474 804 conririo
495 761 549 822 per
570 746 669 823 ‚ipsam
690 743 897 823 Agrippinam,
929 762 1004 823 quae
1026 744 1156 805 boletum

76 858 85 886 r.
152 825 324 887 medicatum
343 827 508 890 avidissimo
538 826 669 888 ciborum
689 827 786 887 talium
811 828 965 908 optulerat.
1004 827 1098 889 Etiam
1118 826 1158 888 de

154 909 397 990 subsequentibus
412 911 533 980 diversa¹
544 913 621 972 lama
636 920 690 974 est.
713 911 795 972 lllultl
812 914 906 976 statim
920 912 1023 973 hausto
1039 929 1155 972 veneno

83 1023 90 1030 ·
154 995 331 1057 obmutuisse
347 997 438 1072 aiunt,
456 998 710 1075 excruciatumque
728 995 878 1056 doloribus
894 1004 981 1057 nocte
998 1005 1057 1057 tota
1075 996 1155 1054 deie-

117 1095 145 1136 ro
156 1081 232 1140 oisse
248 1096 342 1158 prope
361 1079 465 1140 lucem.
492 1079 630 1141 Nonnulli
645 1081 720 1139 inter
736 1081 815 1140 initia
832 1083 1032 1160 consopitum,
1051 1079 1156 1139 deinde
1183 1101 1186 1105 ·

155 1163 222 1224 cibo
238 1161 374 1223 affluente
391 1165 555 1224 evomuisse
571 1165 681 1240 omnia,
698 1165 909 1243 repetitumque
927 1166 1044 1242 toxico,
1062 1167 1156 1224 incer·

153 1258 212 1308 tom
221 1247 332 1326 pultine
343 1247 455 1324 addito,
472 1265 535 1308 cum
548 1247 627 1307 velut
639 1248 808 1308 exhaustum
821 1249 902 1308 retici
918 1247 984 1309 cibo
994 1254 1156 1327 oporteret,

155 1350 191 1393 an
205 1333 332 1391 immisso
352 1349 405 1409 per
421 1331 567 1408 clystera,
581 1339 613 1391 ut
629 1332 711 1410 quasi
729 1331 900 1392 abundantia
915 1332 1059 1393 laboranti
1071 1333 1157 1391 etiam

1 1475 2 1490 ,
153 1415 213 1476 lroc
227 1433 339 1492 genere
353 1416 513 1493 egestionis
529 1415 740 1476 subveniretur.
756 1415 837 1476 Mors
852 1418 914 1476 eius
927 1416 1020 1477 celata
1033 1425 1087 1492 est,
1105 1415 1154 1474 do·
1164 1423 1202 1478 lt

1 1505 2 1548 3
115 1517 210 1563 aeneo
232 1499 309 1558 circa
329 1516 533 1560 successorem
550 1501 644 1560 omnia
668 1499 877 1559 ordinarentur.
906 1499 1007 1579 ltaque
1029 1508 1059 1560 et
1073 1500 1156 1578 quasi

153 1600 210 1662 pro
229 1599 320 1660 aegro
335 1581 429 1642 adhuc
445 1593 511 1643 rota
528 1590 664 1662 suscepta
682 1593 763 1659 sunt,
785 1583 944 1643 et'indocti
968 1602 1022 1663 per
1042 1582 1156 1642 simula·

153 1669 261 1727 tionem
271 1665 415 1744 comoedi,
432 1667 568 1746 quirelut
580 1666 793 1727 desiderantem
806 1667 997 1730 oblectarent.
1020 1665 1158 1728 Excessit

153 1747 254 1812 lII.ld.
263 1749 367 1811 Octob.
380 1750 483 1811 Asinio
496 1750 649 1827 Marcello,
657 1750 753 1811 Acilio
761 1751 869 1812 Aviola
879 1769 956 1812 coss.
970 1753 1157 1829 sexagesimo

154 1842 258 1914 quarto
277 1837 395 1912 aetatis,
413 1836 525 1914 imperii
540 1843 642 1914 quarto
654 1835 767 1894 decimo
782 1852 874 1912 anno,
891 1837 1100 1914 funeratusque
1112 1842 1158 1893 est

114 1939 144 1983 aa
155 1918 289 1980 sollemni
310 1920 472 1998 principum
486 1935 592 1999 pompa
615 1928 644 1978 et
667 1921 695 1977 in
718 1936 866 1980 numerum
891 1919 1010 1980 deorum
1032 1919 1141 1979 relatus
1148 1939 1156 1985 ;

154 2020 240 2082 quem
255 2002 398 2062 bonorem
411 2021 427 2062 a
440 2001 560 2063 Nerone
573 2003 742 2063 destitutum
754 2003 950 2084 abolitumque
964 2005 1078 2082 recepit
1089 2018 1157 2061 mox

154 2105 208 2166 per
224 2087 445 2166 Vespasianum.
478 2082 634 2163 Praesagia
652 2088 753 2147 mortis
768 2091 831 2148 eius
851 2089 1011 2169 praecipua
1025 2088 1203 2150 luerunt:46

154 2176 276 2231 exortus
296 2171 417 2231 crinitae
437 2170 557 2245 stellae,
585 2189 670 2250 quam
687 2171 820 2232 cometen
839 2180 963 2248 vocant,
990 2181 1156 2248 tactumque

154 2254 191 2314 de
209 2255 293 2315 caelo
308 2264 520 2314 monumentum
534 2252 622 2314 Drusi
639 2258 747 2334 patris,
770 2264 800 2316 et
814 2256 891 2335 quod
908 2256 1011 2318 eodem
1026 2272 1101 2315 anno
1119 2271 1157 2312 ex

115 2357 144 2400 se
155 2341 281 2400 omnium
295 2341 510 2416 magistratuum
524 2356 635 2416 genere
652 2339 785 2419 plerique
800 2351 923 2402 mortem
939 2339 1080 2400 obierant.
1098 2335 1169 2396 Sed'

152 2441 210 2482 nec
224 2425 289 2502 ipse
300 2424 456 2500 ignorasse
471 2432 518 2484 aot
529 2422 725 2483 dissimulasse
740 2425 837 2485 ultima
850 2427 925 2484 vitae
940 2441 1010 2484 suae
1024 2431 1158 2500 tempora

152 2504 282 2584 videtur,
307 2507 417 2586 aliquot
437 2505 552 2586 quidem
575 2509 760 2584 argumentis.
793 2507 865 2568 Nam
885 2518 914 2568 et
937 2501 1000 2566 cum
1021 2504 1158 2566 consules

154 2590 339 2669 designaret,
358 2593 501 2651 neminem
518 2589 593 2650 ultra
612 2607 740 2650 mensem
759 2609 816 2670 quo
840 2591 911 2652 obiit
930 2591 1105 2666 designavit,
1129 2597 1159 2646 et

119 2712 120 2715 =
154 2675 322 2751 insonate,
350 2676 396 2734 cui
424 2676 582 2736 novissime
603 2674 744 2752 interluit,
773 2675 889 2735 multum
909 2675 944 2736 ad
971 2671 1159 2734 concordiam

117 2779 145 2820 eo
155 2757 268 2820 liberos
282 2775 351 2818 suos
364 2758 543 2834 cohortatus,
557 2759 707 2837 utriusque
718 2768 841 2819 aetatem
849 2755 1021 2840 suppliciter
1029 2755 1160 2837 patribus

138 2858 140 2862 ·
156 2841 383 2920 commendavit,
400 2853 429 2902 et
443 2845 472 2902 in
484 2842 582 2902 ultima
596 2843 764 2919 cognitione
776 2861 830 2922 pro
845 2844 979 2904 tribunali
988 2840 1163 2904 accessisse

155 2925 201 2988 ad
213 2926 307 3004 finem
325 2927 541 3001 mortalitatis,
570 2943 741 3005 quamquam
759 2927 987 2990 abominantibus
999 2927 1049 3006 qui
1063 2923 1159 2986 audie·

1 3033 3 3055 =
152 3009 241 3089 bant,
257 3011 349 3071 semel
364 3019 450 3090 atque
466 3006 568 3071 iterum
584 3011 787 3089 pronuntiavit.

552 3276 781 3288 -a——u——nnu
