2444 3872
117 141 177 205 120
206 154 235 202 c.
253 153 403 202 sumrorrr
420 153 548 213 uerno.
564 153 611 199 ns
628 152 711 200 vrrs
728 151 912 200 cassanum
927 152 996 199 nro.
1012 152 1081 199 1111.

117 310 253 390 quentiae
283 308 492 386 doctrinaeque
520 327 630 386 genere
661 307 864 387 praecellens,
887 306 1132 367 benivolentiam

116 394 306 470 singularem,
325 392 584 470 conciliandaeque
599 393 744 452 bominum
756 393 869 469 gratiae
883 409 919 451 ac
935 390 1131 469 promerendi

117 478 225 540 amoris
240 478 341 536 mirum
356 485 384 536 et
400 476 507 539 efficax
521 476 653 536 studium.
690 475 815 536 Formae
829 477 922 535 minus
939 473 1131 552 congruebat

85 575 87 579 ’
115 561 268 641 gracilitas
291 578 420 637 crurum,
442 559 495 622 sed
518 577 553 621 ea
575 574 692 640 quoque
716 558 853 639 paulatim
873 558 989 638 repleta
1004 558 1129 619 assidua

34 675 37 682 ·
116 645 185 724 equi
206 645 373 706 vectatione
392 654 461 722 post
486 643 589 704 cibum.
634 643 756 704 Hostem
773 644 931 704 comminus
947 659 1038 721 saepe
1055 661 1157 722 per-s

116 731 216 792 cussit.
250 727 349 789 Oravit
366 745 469 790 causas
494 729 579 788 etism
599 727 795 808 triumphalis;
808 736 904 806 atque
923 728 999 788 inter
1023 735 1130 786 cetera

116 813 276 874 studiorum
290 813 466 872 monimenta
482 811 600 890 reliquit
617 822 645 872 et
664 811 833 872 comoedias
852 803 992 872 Graecas.
1035 810 1129 870 Domi

115 899 245 976 lorisque
270 895 380 972 civilis,
407 896 500 956 libera
526 914 560 958 ac
578 897 731 956 foederata
753 895 861 974 oppida
886 896 948 955 sine
968 893 1128 954 lictoribus

116 979 222 1043 adibat.
256 980 356 1040 Sicubi
379 978 524 1041 clarorum
544 981 673 1040 virorum
695 979 832 1058 sepulcra
851 989 1059 1057 cognosceret,
1080 979 1126 1036 in·

114 1066 206 1126 ferias
230 1063 362 1125 llanibus
381 1061 477 1123 dabat.
509 1063 668 1136 Gaesorum
692 1062 776 1124 clade
798 1064 925 1123 Variana
946 1070 1064 1124 ueteres
1087 1075 1167 1122 acro

115 1149 265 1228 dispersas
282 1147 422 1226 reliquias
432 1165 489 1207 uno
506 1148 614 1207 tumulo
627 1148 803 1223 humaturus,
817 1146 962 1224 colligere
974 1163 1025 1207 sua
1037 1163 1126 1207 manu

115 1241 145 1292 et
162 1239 347 1310 comportare
369 1232 477 1309 primus
498 1231 657 1308 adgressus
675 1240 729 1292 est.
758 1229 1010 1291 Obtrectatoribus
1026 1231 1124 1304 etiam,

116 1315 343 1396 qualescumque
359 1323 388 1373 et
404 1324 633 1394 quantacumque
649 1315 686 1374 de
702 1333 790 1377 causa
805 1323 926 1376 nanctus
941 1322 1030 1392 esset,
1045 1315 1125 1374 lenis

117 1399 189 1460 adeo
206 1407 235 1459 et
250 1399 403 1476 innoxius,
418 1408 449 1459 ut
468 1398 566 1460 Pisoni
586 1399 706 1460 decreta
724 1417 775 1460 sua
792 1399 983 1476 rescindenti‚
1000 1399 1124 1464 cliente,-

115 1483 159 1545 las
175 1483 320 1543 divexanti
335 1499 394 1543 uon
406 1485 487 1562 prius
499 1501 674 1544 suscensere
687 1484 716 1543 in
730 1485 853 1544 animum
866 1481 1022 1560 induxerit,
1036 1500 1123 1562 quam
1135 1500 1162 1541 ‘o

116 1568 268 1644 veneficiis
279 1585 399 1648 quoque
415 1577 443 1627 et
462 1567 667 1629 deuotionibus
682 1568 845 1647 impugnari
862 1585 895 1628 se
911 1567 1121 1646 comperisset;

115 1671 151 1715 ac
172 1669 209 1712 ne
231 1659 300 1712 tunc
322 1650 435 1731 quidem
456 1652 532 1713 ultra
550 1669 742 1732 progressus,
767 1669 852 1732 quam
872 1659 903 1712 ut
919 1651 1073 1712 amicitiam
1093 1651 1122 1708 ei

116 1755 197 1798 more
218 1735 356 1795 maiorum
372 1735 547 1796 renuntiaret
564 1735 769 1814 mandaretque
786 1734 955 1796 domesticis
970 1735 1122 1809 ultionem,

82 1815 101 1870 4
116 1822 140 1881 si
157 1819 223 1905 quid
246 1819 300 1880 sibi
322 1819 478 1880 accideret.
514 1819 639 1896 Quarum
654 1821 788 1880 virtutum
808 1819 932 1879 fructum
946 1817 1123 1878 uberrimum

116 1903 195 1981 tulit,
225 1903 267 1963 sic
288 1903 428 1982 probatus
451 1913 479 1963 et
501 1904 624 1965 dilectus
648 1905 757 1981 esuis,
773 1913 803 1963 ut
818 1903 984 1981 Augustus,
1001 1903 1159 1982 (omittoro

116 1989 191 2049 enim
206 1985 440 2048 necessitudines
456 1988 602 2068 reliquas)
615 1988 662 2048 diu
679 1997 829 2048 cunctatus
844 2007 880 2048 an
895 1985 951 2048 sibi
967 2002 1121 2048 successo·
1212 1957 1217 2072 l

114 2090 176 2131 rem
192 2071 362 2148 destinaret,
378 2071 572 2150 adoptandum
586 2071 705 2134 Tiberio
721 2071 849 2142 dederit;
860 2067 862 2070 ’
872 2073 914 2130 sic
931 2070 1021 2150 vulgo
1037 2070 1121 2130 lavo·
1216 2073 1217 2080 ’

114 2154 228 2230 rabilis,
246 2163 275 2214 ut
292 2153 406 2233 plurimi
422 2154 546 2233 tradant,
571 2158 706 2235 quotiens
725 2154 824 2235 aliquo
841 2155 991 2216 adveniret
1012 2153 1060 2215 vel
1083 2156 1120 2214 si·

116 2238 209 2299 cunde
224 2237 399 2316 discederet,
421 2258 492 2318 prae
509 2239 591 2300 turba
607 2241 821 2301 occurrentium
843 2239 1120 2319 prosequentiumue
1185 2299 1189 2306 ,

114 2339 325 2400 nonnumquam
345 2341 410 2383 eum
431 2322 585 2384 discrimen
610 2325 686 2385 vitae
709 2323 856 2402 udisse‚c
878 2321 1155 2384 Germania-vercae

114 2415 183 2488 post
205 2423 404 2486 compressam
424 2406 595 2468 seditionem
613 2409 772 2478 revertenti
793 2409 994 2488 praetorianas
1012 2405 1117 2468 cobor-

114 2500 160 2552 tes
178 2491 330 2552 universas
349 2491 484 2570 prodisse
507 2491 637 2569 obviam,
658 2495 788 2572 quamvis
809 2492 1021 2571 pronuntiatum
1039 2499 1118 2552 esset

114 2585 144 2635 ut
167 2575 240 2636 duae
256 2583 364 2636 tantum
383 2577 471 2638 modo
494 2577 616 2652 exirent,
640 2577 742 2656 populi
759 2584 854 2640 autem
869 2575 990 2638 Romani
1007 2593 1115 2652 sexum,

115 2668 249 2735 aetatem,
272 2659 401 2720 ordinem
423 2679 536 2722 omnem
551 2679 642 2739 usque
661 2660 696 2722 ad
712 2661 881 2722 vicesimum
899 2658 1025 2739 lapidem
1047 2659 1115 2718 eliu·
1215 2711 1217 2716 .

82 2745 99 2798 5
115 2742 193 2803 disse
219 2761 262 2801 se.
309 2743 418 2804 l'amen
439 2745 529 2822 longe
542 2747 651 2805 maiora
667 2753 695 2805 et
718 2745 845 2806 firmiora
863 2742 899 2805 de
916 2761 953 2805 eo
968 2743 1073 2804 iudicia
1088 2744 1153 2805 ineo

113 2835 208 2888 morte
229 2843 264 2886 ac
284 2836 352 2905 post
374 2837 497 2889 mortem
518 2831 683 2890 extiterunt.
729 2830 794 2904 Quo
817 2827 971 2889 defunctus
994 2835 1039 2888 est
1060 2827 1114 2904 die,

115 2910 242 2989 lapidata
262 2920 328 2970 sunt
347 2911 469 2992 templa,
490 2913 648 2974 subversae
664 2912 748 2974 deum
763 2930 847 2990 arae,
863 2911 952 2974 Lares
968 2931 984 2973 a
1000 2910 1114 2992 quibus·

114 2995 179 3054 dam
194 2993 350 3056 familiares
364 2997 394 3055 in
409 2997 554 3077 publicum
570 2997 686 3076 abiecti,
702 3007 801 3078 partus
814 2998 969 3074 coniugum
978 2995 1114 3076 expositi.

115 3079 190 3155 Quin
205 3087 234 3138 et
249 3077 392 3140 barbaros
409 3082 516 3160 lerunt,
532 3082 636 3161 quibus
650 3083 816 3142 intestinum
834 3081 998 3162 quibusque
1014 3081 1114 3142 adver·
1213 3079 1216 3146 ξ

115 3181 165 3224 sus
181 3180 235 3224 noe
253 3163 361 3224 bellum
377 3176 473 3244 esset,
497 3165 577 3226 velut
598 3167 627 3226 in
642 3165 804 3228 domestico
821 3165 1022 3246 communique
1039 3184 1148 3227 mae-as

114 3265 200 3326 rore,
236 3250 423 3309 consensisse
449 3249 484 3310 ad
510 3249 647 3324 indutias;
678 3249 800 3329 regulos
829 3249 969 3330 quosdam
997 3248 1114 3310 barbam

115 3336 252 3410 posuisse
268 3342 298 3394 et
312 3350 433 3394 uxorum
449 3336 544 3414 capita
556 3334 665 3396 rasisse
679 3334 715 3396 ad
729 3334 863 3418 indicium
874 3336 989 3396 maximi
1006 3333 1112 3403 luctus;

113 3433 216 3492 regum
232 3419 317 3478 etiam
336 3436 438 3498 regem
449 3427 484 3478 'et
496 3420 706 3480 exercitatione
720 3418 846 3481 renaudi
863 3427 893 3480 et
906 3419 1042 3481 convictu
1057 3435 1113 3476 me·
