<?xml version="1.0" encoding="UTF-8"?>
<!DOCTYPE html PUBLIC "-//W3C//DTD XHTML 1.0 Transitional//EN"
    "http://www.w3.org/TR/xhtml1/DTD/xhtml1-transitional.dtd">
<html xmlns="http://www.w3.org/1999/xhtml" xml:lang="en" lang="en">
 <head>
  <title>
</title>
<meta http-equiv="Content-Type" content="text/html;charset=utf-8" />
  <meta name='ocr-system' content='tesseract 3.04.00' />
  <meta name='ocr-capabilities' content='ocr_page ocr_carea ocr_par ocr_line ocrx_word'/>
</head>
<body>
  <div class='ocr_page' id='page_1' title='image "./csuetonitranqui00rothgoog_0182.png"; bbox 0 0 2444 3872; ppageno 0'>
   <div class='ocr_carea' id='block_1_1' title="bbox 89 215 1017 286">
    <p class='ocr_par' dir='ltr' id='par_1_1' title="bbox 89 215 1017 286">
     <span class='ocr_line' id='line_1_1' title="bbox 89 215 1017 286; baseline 0.002 -12"><span class='ocrx_word' id='word_1_1' title='bbox 89 215 130 274; x_wconf 82' lang='lat'>72</span> <span class='ocrx_word' id='word_1_2' title='bbox 174 226 203 274; x_wconf 90' lang='lat' dir='ltr'>c.</span> <span class='ocrx_word' id='word_1_3' title='bbox 221 226 372 276; x_wconf 79' lang='lat' dir='ltr'>suanum</span> <span class='ocrx_word' id='word_1_4' title='bbox 387 227 513 286; x_wconf 77' lang='lat' dir='ltr'>nonno.</span> <span class='ocrx_word' id='word_1_5' title='bbox 529 227 577 273; x_wconf 82' lang='lat' dir='ltr'>mu</span> <span class='ocrx_word' id='word_1_6' title='bbox 592 227 677 276; x_wconf 79' lang='lat' dir='ltr'>mus</span> <span class='ocrx_word' id='word_1_7' title='bbox 694 225 877 276; x_wconf 73' lang='lat' dir='ltr'>cassanum</span> <span class='ocrx_word' id='word_1_8' title='bbox 892 227 962 276; x_wconf 80' lang='lat' dir='ltr'>nm.</span> <span class='ocrx_word' id='word_1_9' title='bbox 979 229 1017 276; x_wconf 89' lang='lat'>11.</span> 
     </span>
    </p>
   </div>
   <div class='ocr_carea' id='block_1_2' title="bbox 1 370 1221 3570">
    <p class='ocr_par' dir='ltr' id='par_1_2' title="bbox 87 370 1093 627">
     <span class='ocr_line' id='line_1_2' title="bbox 87 370 1093 460; baseline 0.003 -20"><span class='ocrx_word' id='word_1_10' title='bbox 87 383 211 440; x_wconf 90' lang='lat' dir='ltr'>tacentis</span> <span class='ocrx_word' id='word_1_11' title='bbox 231 379 280 439; x_wconf 92' lang='lat' dir='ltr'>vel</span> <span class='ocrx_word' id='word_1_12' title='bbox 295 381 465 440; x_wconf 87' lang='lat' dir='ltr'>summissim</span> <span class='ocrx_word' id='word_1_13' title='bbox 481 379 634 442; x_wconf 80' lang='lat' dir='ltr'>fabulantis</span> <span class='ocrx_word' id='word_1_14' title='bbox 656 381 850 460; x_wconf 86' lang='lat' dir='ltr'>provocabat,</span> <span class='ocrx_word' id='word_1_15' title='bbox 873 370 904 441; x_wconf 82' lang='lat' dir='ltr'>et</span> <span class='ocrx_word' id='word_1_16' title='bbox 926 390 975 444; x_wconf 91' lang='lat' dir='ltr'>aut</span> <span class='ocrx_word' id='word_1_17' title='bbox 988 399 1093 443; x_wconf 86' lang='lat' dir='ltr'>acroa-</span> 
     </span>
     <span class='ocr_line' id='line_1_3' title="bbox 87 463 1091 527; baseline 0.002 -4"><span class='ocrx_word' id='word_1_18' title='bbox 87 473 170 525; x_wconf 86' lang='lat' dir='ltr'>mata¹</span> <span class='ocrx_word' id='word_1_19' title='bbox 184 473 213 523; x_wconf 88' lang='lat' dir='ltr'>et</span> <span class='ocrx_word' id='word_1_20' title='bbox 232 463 389 524; x_wconf 73' lang='lat' dir='ltr'><strong>histriones</strong></span> <span class='ocrx_word' id='word_1_21' title='bbox 408 473 457 525; x_wconf 83' lang='lat' dir='ltr'>aut</span> <span class='ocrx_word' id='word_1_22' title='bbox 476 466 560 524; x_wconf 92' lang='lat' dir='ltr'>etiam</span> <span class='ocrx_word' id='word_1_23' title='bbox 583 465 712 526; x_wconf 81' lang='lat' dir='ltr'>triuiales</span> <span class='ocrx_word' id='word_1_24' title='bbox 734 484 771 527; x_wconf 86' lang='lat' dir='ltr'>ex</span> <span class='ocrx_word' id='word_1_25' title='bbox 792 467 872 526; x_wconf 89' lang='lat' dir='ltr'>circo</span> <span class='ocrx_word' id='word_1_26' title='bbox 891 465 986 526; x_wconf 91' lang='lat' dir='ltr'>ludios</span> <span class='ocrx_word' id='word_1_27' title='bbox 1000 467 1091 526; x_wconf 87' lang='lat' dir='ltr'>inter·</span> 
     </span>
     <span class='ocr_line' id='line_1_4' title="bbox 88 547 655 627; baseline 0.002 -19"><span class='ocrx_word' id='word_1_28' title='bbox 88 547 216 627; x_wconf 88' lang='lat' dir='ltr'>ponebat</span> <span class='ocrx_word' id='word_1_29' title='bbox 232 565 266 607; x_wconf 89' lang='lat' dir='ltr'>ac</span> <span class='ocrx_word' id='word_1_30' title='bbox 282 547 461 626; x_wconf 84' lang='lat' dir='ltr'>frequentius</span> <span class='ocrx_word' id='word_1_31' title='bbox 476 549 655 627; x_wconf 82' lang='lat' dir='ltr'>aretalogos.</span> 
     </span>
    </p>

    <p class='ocr_par' dir='ltr' id='par_1_3' title="bbox 41 631 1221 1297">
     <span class='ocr_line' id='line_1_5' title="bbox 41 631 1089 713; baseline 0 -21"><span class='ocrx_word' id='word_1_32' title='bbox 41 646 78 708; x_wconf 78' lang='lat'>&#39;15</span> <span class='ocrx_word' id='word_1_33' title='bbox 133 632 256 692; x_wconf 53' lang='lat' dir='ltr'>*Festos</span> <span class='ocrx_word' id='word_1_34' title='bbox 272 640 302 690; x_wconf 90' lang='lat' dir='ltr'>et</span> <span class='ocrx_word' id='word_1_35' title='bbox 319 631 477 690; x_wconf 85' lang='lat' dir='ltr'>sollemnes</span> <span class='ocrx_word' id='word_1_36' title='bbox 496 632 558 692; x_wconf 87' lang='lat' dir='ltr'>dies</span> <span class='ocrx_word' id='word_1_37' title='bbox 574 633 785 712; x_wconf 82' lang='lat' dir='ltr'>profusissime,</span> <span class='ocrx_word' id='word_1_38' title='bbox 802 643 1013 713; x_wconf 82' lang='lat' dir='ltr'>nonnumquam</span> <span class='ocrx_word' id='word_1_39' title='bbox 1029 642 1089 694; x_wconf 87' lang='lat' dir='ltr'>tau-</span> 
     </span>
     <span class='ocr_line' id='line_1_6' title="bbox 86 713 1118 796; baseline -0.002 -19"><span class='ocrx_word' id='word_1_40' title='bbox 86 726 144 777; x_wconf 89' lang='lat' dir='ltr'>tum</span> <span class='ocrx_word' id='word_1_41' title='bbox 166 715 334 795; x_wconf 85' lang='lat' dir='ltr'>ioculariter</span> <span class='ocrx_word' id='word_1_42' title='bbox 355 715 531 776; x_wconf 87' lang='lat' dir='ltr'>celebrabat.</span> <span class='ocrx_word' id='word_1_43' title='bbox 566 715 780 794; x_wconf 78' lang='lat' dir='ltr'>Saturnalibus,</span> <span class='ocrx_word' id='word_1_44' title='bbox 801 726 831 776; x_wconf 88' lang='lat' dir='ltr'>et</span> <span class='ocrx_word' id='word_1_45' title='bbox 847 713 999 796; x_wconf 88' lang='lat' dir='ltr'>siquando</span> <span class='ocrx_word' id='word_1_46' title='bbox 1017 717 1118 777; x_wconf 79' lang='lat' dir='ltr'>aliasc</span> 
     </span>
     <span class='ocr_line' id='line_1_7' title="bbox 86 798 1088 878; baseline -0.003 -15"><span class='ocrx_word' id='word_1_47' title='bbox 86 800 234 877; x_wconf 80' lang='lat' dir='ltr'>libuisset,</span> <span class='ocrx_word' id='word_1_48' title='bbox 258 798 345 859; x_wconf 86' lang='lat' dir='ltr'>modo</span> <span class='ocrx_word' id='word_1_49' title='bbox 367 817 485 860; x_wconf 86' lang='lat' dir='ltr'>munera</span> <span class='ocrx_word' id='word_1_50' title='bbox 507 799 668 878; x_wconf 85' lang='lat' dir='ltr'>dividebat,</span> <span class='ocrx_word' id='word_1_51' title='bbox 689 808 803 859; x_wconf 84' lang='lat' dir='ltr'>vestem</span> <span class='ocrx_word' id='word_1_52' title='bbox 821 809 850 860; x_wconf 88' lang='lat' dir='ltr'>et</span> <span class='ocrx_word' id='word_1_53' title='bbox 872 819 971 861; x_wconf 90' lang='lat' dir='ltr'>aurum</span> <span class='ocrx_word' id='word_1_54' title='bbox 993 810 1023 860; x_wconf 88' lang='lat' dir='ltr'>et</span> <span class='ocrx_word' id='word_1_55' title='bbox 1043 819 1088 861; x_wconf 90' lang='lat' dir='ltr'>ar·</span> 
     </span>
     <span class='ocr_line' id='line_1_8' title="bbox 86 883 1089 963; baseline -0.001 -19"><span class='ocrx_word' id='word_1_56' title='bbox 86 893 218 963; x_wconf 86' lang='lat' dir='ltr'>gentum,</span> <span class='ocrx_word' id='word_1_57' title='bbox 240 883 328 944; x_wconf 89' lang='lat' dir='ltr'>modo</span> <span class='ocrx_word' id='word_1_58' title='bbox 349 901 483 958; x_wconf 89' lang='lat' dir='ltr'>nummos</span> <span class='ocrx_word' id='word_1_59' title='bbox 502 886 594 943; x_wconf 90' lang='lat' dir='ltr'>omnis</span> <span class='ocrx_word' id='word_1_60' title='bbox 615 892 715 960; x_wconf 85' lang='lat' dir='ltr'>notae,</span> <span class='ocrx_word' id='word_1_61' title='bbox 737 885 824 944; x_wconf 88' lang='lat' dir='ltr'>ctiam</span> <span class='ocrx_word' id='word_1_62' title='bbox 845 893 962 945; x_wconf 82' lang='lat' dir='ltr'>veteres</span> <span class='ocrx_word' id='word_1_63' title='bbox 986 885 1089 960; x_wconf 82' lang='lat' dir='ltr'>regios</span> 
     </span>
     <span class='ocr_line' id='line_1_9' title="bbox 86 967 1090 1047; baseline -0.004 -17"><span class='ocrx_word' id='word_1_64' title='bbox 86 988 121 1030; x_wconf 89' lang='lat' dir='ltr'>ac</span> <span class='ocrx_word' id='word_1_65' title='bbox 143 969 335 1047; x_wconf 84' lang='lat' dir='ltr'>peregrinos,</span> <span class='ocrx_word' id='word_1_66' title='bbox 355 967 496 1027; x_wconf 88' lang='lat' dir='ltr'>interdurn</span> <span class='ocrx_word' id='word_1_67' title='bbox 517 967 585 1026; x_wconf 92' lang='lat' dir='ltr'>nihil</span> <span class='ocrx_word' id='word_1_68' title='bbox 609 976 726 1046; x_wconf 85' lang='lat' dir='ltr'>praeter</span> <span class='ocrx_word' id='word_1_69' title='bbox 747 968 841 1028; x_wconf 90' lang='lat' dir='ltr'>cilicia</span> <span class='ocrx_word' id='word_1_70' title='bbox 859 976 888 1026; x_wconf 89' lang='lat' dir='ltr'>ct</span> <span class='ocrx_word' id='word_1_71' title='bbox 903 970 1043 1047; x_wconf 83' lang='lat' dir='ltr'>spongias</span> <span class='ocrx_word' id='word_1_72' title='bbox 1059 976 1090 1027; x_wconf 88' lang='lat' dir='ltr'>et</span> 
     </span>
     <span class='ocr_line' id='line_1_10' title="bbox 86 1050 1089 1129; baseline -0.002 -17"><span class='ocrx_word' id='word_1_73' title='bbox 86 1051 218 1114; x_wconf 82' lang='lat' dir='ltr'>rutabula</span> <span class='ocrx_word' id='word_1_74' title='bbox 240 1060 270 1110; x_wconf 89' lang='lat' dir='ltr'>ct</span> <span class='ocrx_word' id='word_1_75' title='bbox 291 1051 422 1129; x_wconf 86' lang='lat' dir='ltr'>iorpices</span> <span class='ocrx_word' id='word_1_76' title='bbox 443 1060 530 1129; x_wconf 86' lang='lat' dir='ltr'>atque</span> <span class='ocrx_word' id='word_1_77' title='bbox 550 1051 605 1112; x_wconf 89' lang='lat' dir='ltr'>alia</span> <span class='ocrx_word' id='word_1_78' title='bbox 627 1050 784 1129; x_wconf 75' lang='lat' dir='ltr'>ingenus,</span> <span class='ocrx_word' id='word_1_79' title='bbox 805 1052 894 1111; x_wconf 89' lang='lat' dir='ltr'>titulis</span> <span class='ocrx_word' id='word_1_80' title='bbox 909 1051 1043 1111; x_wconf 86' lang='lat' dir='ltr'>obscuris</span> <span class='ocrx_word' id='word_1_81' title='bbox 1059 1060 1089 1110; x_wconf 88' lang='lat' dir='ltr'>et</span> 
     </span>
     <span class='ocr_line' id='line_1_11' title="bbox 86 1131 1221 1214; baseline -0.007 -16"><span class='ocrx_word' id='word_1_82' title='bbox 86 1136 238 1214; x_wconf 86' lang='lat' dir='ltr'>ambiguis.</span> <span class='ocrx_word' id='word_1_83' title='bbox 275 1133 395 1195; x_wconf 87' lang='lat' dir='ltr'>Solebat</span> <span class='ocrx_word' id='word_1_84' title='bbox 426 1143 454 1193; x_wconf 88' lang='lat' dir='ltr'>et</span> <span class='ocrx_word' id='word_1_85' title='bbox 483 1134 776 1213; x_wconf 87' lang='lat' dir='ltr'>inaequalissimarum</span> <span class='ocrx_word' id='word_1_86' title='bbox 805 1153 902 1196; x_wconf 89' lang='lat' dir='ltr'>rerum</span> <span class='ocrx_word' id='word_1_87' title='bbox 931 1145 1027 1195; x_wconf 86' lang='lat' dir='ltr'>sortes</span> <span class='ocrx_word' id='word_1_88' title='bbox 1057 1143 1088 1194; x_wconf 87' lang='lat' dir='ltr'>et</span> <span class='ocrx_word' id='word_1_89' title='bbox 1098 1149 1130 1190; x_wconf 84' lang='grc' dir='ltr'>ιιι</span> <span class='ocrx_word' id='word_1_90' title='bbox 1220 1131 1221 1146; x_wconf 64' lang='lat'>¹</span> 
     </span>
     <span class='ocr_line' id='line_1_12' title="bbox 86 1217 1087 1297; baseline -0.003 -16"><span class='ocrx_word' id='word_1_91' title='bbox 86 1237 205 1281; x_wconf 85' lang='lat' dir='ltr'>aversas</span> <span class='ocrx_word' id='word_1_92' title='bbox 221 1217 380 1280; x_wconf 87' lang='lat' dir='ltr'>tabularum</span> <span class='ocrx_word' id='word_1_93' title='bbox 394 1219 523 1295; x_wconf 87' lang='lat' dir='ltr'>picturas</span> <span class='ocrx_word' id='word_1_94' title='bbox 542 1219 570 1276; x_wconf 91' lang='lat' dir='ltr'>in</span> <span class='ocrx_word' id='word_1_95' title='bbox 591 1220 727 1278; x_wconf 86' lang='lat' dir='ltr'>convivio</span> <span class='ocrx_word' id='word_1_96' title='bbox 745 1218 894 1280; x_wconf 86' lang='lat' dir='ltr'>venditare</span> <span class='ocrx_word' id='word_1_97' title='bbox 914 1221 1087 1297; x_wconf 89' lang='lat' dir='ltr'>incertoque</span> 
     </span>
    </p>

    <p class='ocr_par' dir='ltr' id='par_1_4' title="bbox 1 1301 1088 1464">
     <span class='ocr_line' id='line_1_13' title="bbox 1 1301 1088 1382; baseline -0.003 -19"><span class='ocrx_word' id='word_1_98' title='bbox 1 1335 6 1345; x_wconf 88' lang='lat'>·</span> <span class='ocrx_word' id='word_1_99' title='bbox 86 1323 155 1364; x_wconf 89' lang='lat' dir='ltr'>casu</span> <span class='ocrx_word' id='word_1_100' title='bbox 178 1319 261 1380; x_wconf 90' lang='lat' dir='ltr'>sporn</span> <span class='ocrx_word' id='word_1_101' title='bbox 280 1303 465 1361; x_wconf 82' lang='lat' dir='ltr'>mercantium</span> <span class='ocrx_word' id='word_1_102' title='bbox 486 1301 534 1360; x_wconf 89' lang='lat' dir='ltr'>vel</span> <span class='ocrx_word' id='word_1_103' title='bbox 554 1301 687 1362; x_wconf 82' lang='lat' dir='ltr'>frustrari</span> <span class='ocrx_word' id='word_1_104' title='bbox 709 1303 758 1362; x_wconf 85' lang='lat' dir='ltr'>vel</span> <span class='ocrx_word' id='word_1_105' title='bbox 774 1302 914 1382; x_wconf 86' lang='lat' dir='ltr'>explere,</span> <span class='ocrx_word' id='word_1_106' title='bbox 935 1305 973 1362; x_wconf 89' lang='lat' dir='ltr'>ita</span> <span class='ocrx_word' id='word_1_107' title='bbox 987 1312 1018 1363; x_wconf 93' lang='lat' dir='ltr'>ut</span> <span class='ocrx_word' id='word_1_108' title='bbox 1032 1321 1088 1382; x_wconf 88' lang='lat' dir='ltr'>per</span> 
     </span>
     <span class='ocr_line' id='line_1_14' title="bbox 35 1383 1086 1464; baseline -0.003 -16.845"><span class='ocrx_word' id='word_1_109' title='bbox 35 1384 218 1464; x_wconf 81' lang='lat' dir='ltr'>singulos</span> <span class='ocrx_word' id='word_1_110' title='bbox 234 1385 330 1446; x_wconf 87' lang='lat' dir='ltr'>lectos</span> <span class='ocrx_word' id='word_1_111' title='bbox 347 1383 467 1444; x_wconf 84' lang='lat' dir='ltr'>licitatio</span> <span class='ocrx_word' id='word_1_112' title='bbox 484 1385 569 1446; x_wconf 85' lang='lat' dir='ltr'>lieret</span> <span class='ocrx_word' id='word_1_113' title='bbox 582 1395 611 1445; x_wconf 88' lang='lat' dir='ltr'>et</span> <span class='ocrx_word' id='word_1_114' title='bbox 626 1403 678 1445; x_wconf 88' lang='lat' dir='ltr'>seu</span> <span class='ocrx_word' id='word_1_115' title='bbox 692 1387 801 1446; x_wconf 83' lang='lat' dir='ltr'>iactura</span> <span class='ocrx_word' id='word_1_116' title='bbox 817 1405 868 1446; x_wconf 90' lang='lat' dir='ltr'>seu</span> <span class='ocrx_word' id='word_1_117' title='bbox 882 1386 993 1447; x_wconf 88' lang='lat' dir='ltr'>lucrum</span> <span class='ocrx_word' id='word_1_118' title='bbox 1009 1404 1086 1447; x_wconf 92' lang='lat' dir='ltr'>com·</span> 
     </span>
    </p>

    <p class='ocr_par' dir='ltr' id='par_1_5' title="bbox 41 1466 1128 1716">
     <span class='ocr_line' id='line_1_15' title="bbox 41 1466 1087 1548; baseline 0 -20"><span class='ocrx_word' id='word_1_119' title='bbox 41 1471 77 1528; x_wconf 83' lang='grc'>76</span> <span class='ocrx_word' id='word_1_120' title='bbox 85 1472 288 1530; x_wconf 81' lang='grc' dir='ltr'><strong>ιιιιιιιιιιιιιιιι</strong></span> <span class='ocrx_word' id='word_1_121' title='bbox 320 1466 382 1529; x_wconf 84' lang='lat' dir='ltr'>citi</span> <span class='ocrx_word' id='word_1_122' title='bbox 406 1471 490 1548; x_wconf 90' lang='lat' dir='ltr'>(nam</span> <span class='ocrx_word' id='word_1_123' title='bbox 509 1488 546 1529; x_wconf 92' lang='lat' dir='ltr'>ne</span> <span class='ocrx_word' id='word_1_124' title='bbox 564 1469 637 1530; x_wconf 90' lang='lat' dir='ltr'>baec</span> <span class='ocrx_word' id='word_1_125' title='bbox 656 1469 770 1548; x_wconf 89' lang='lat' dir='ltr'>quidem</span> <span class='ocrx_word' id='word_1_126' title='bbox 792 1469 960 1548; x_wconf 87' lang='lat' dir='ltr'>omiserim)</span> <span class='ocrx_word' id='word_1_127' title='bbox 981 1473 1087 1530; x_wconf 89' lang='lat' dir='ltr'>minimi</span> 
     </span>
     <span class='ocr_line' id='line_1_16' title="bbox 86 1551 1128 1634; baseline -0.005 -18"><span class='ocrx_word' id='word_1_128' title='bbox 86 1565 148 1616; x_wconf 83' lang='lat' dir='ltr'>erat</span> <span class='ocrx_word' id='word_1_129' title='bbox 172 1563 257 1632; x_wconf 90' lang='lat' dir='ltr'>atque</span> <span class='ocrx_word' id='word_1_130' title='bbox 279 1551 408 1630; x_wconf 82' lang='lat' dir='ltr'>vulgaris</span> <span class='ocrx_word' id='word_1_131' title='bbox 431 1553 505 1613; x_wconf 87' lang='lat' dir='ltr'>iero.</span> <span class='ocrx_word' id='word_1_132' title='bbox 536 1553 743 1615; x_wconf 78' lang='lat' dir='ltr'>secundarium</span> <span class='ocrx_word' id='word_1_133' title='bbox 760 1572 864 1634; x_wconf 92' lang='lat' dir='ltr'>panem</span> <span class='ocrx_word' id='word_1_134' title='bbox 881 1564 910 1613; x_wconf 89' lang='lat' dir='ltr'>et</span> <span class='ocrx_word' id='word_1_135' title='bbox 926 1555 1128 1631; x_wconf 78' lang='lat' dir='ltr'>pisciculosm</span> 
     </span>
     <span class='ocr_line' id='line_1_17' title="bbox 85 1636 1087 1716; baseline -0.003 -16"><span class='ocrx_word' id='word_1_136' title='bbox 85 1643 210 1701; x_wconf 89' lang='lat' dir='ltr'>minutos</span> <span class='ocrx_word' id='word_1_137' title='bbox 234 1647 264 1698; x_wconf 89' lang='lat' dir='ltr'>et</span> <span class='ocrx_word' id='word_1_138' title='bbox 286 1655 402 1698; x_wconf 87' lang='lat' dir='ltr'>caseum</span> <span class='ocrx_word' id='word_1_139' title='bbox 424 1636 561 1698; x_wconf 91' lang='lat' dir='ltr'>bubulum</span> <span class='ocrx_word' id='word_1_140' title='bbox 581 1655 664 1700; x_wconf 88' lang='lat' dir='ltr'>manu</span> <span class='ocrx_word' id='word_1_141' title='bbox 686 1656 817 1716; x_wconf 88' lang='lat' dir='ltr'>pressum</span> <span class='ocrx_word' id='word_1_142' title='bbox 839 1646 868 1697; x_wconf 87' lang='lat' dir='ltr'>et</span> <span class='ocrx_word' id='word_1_143' title='bbox 888 1638 962 1698; x_wconf 90' lang='lat' dir='ltr'>lioos</span> <span class='ocrx_word' id='word_1_144' title='bbox 978 1637 1087 1698; x_wconf 86' lang='lat' dir='ltr'>virides</span> 
     </span>
    </p>

    <p class='ocr_par' dir='ltr' id='par_1_6' title="bbox 29 1720 1221 2641">
     <span class='ocr_line' id='line_1_18' title="bbox 29 1720 1088 1800; baseline -0.005 -15"><span class='ocrx_word' id='word_1_145' title='bbox 29 1787 32 1795; x_wconf 79' lang='grc'><strong>,</strong></span> <span class='ocrx_word' id='word_1_146' title='bbox 85 1724 194 1785; x_wconf 82' lang='lat' dir='ltr'>biferas</span> <span class='ocrx_word' id='word_1_147' title='bbox 221 1723 344 1784; x_wconf 85' lang='lat' dir='ltr'>maxime</span> <span class='ocrx_word' id='word_1_148' title='bbox 374 1722 546 1800; x_wconf 78' lang='lat' dir='ltr'>appetebat:</span> <span class='ocrx_word' id='word_1_149' title='bbox 574 1720 807 1800; x_wconf 84' lang='lat' dir='ltr'>vescebaturque</span> <span class='ocrx_word' id='word_1_150' title='bbox 829 1730 944 1782; x_wconf 81' lang='lat' dir='ltr'>etanta</span> <span class='ocrx_word' id='word_1_151' title='bbox 968 1739 1088 1782; x_wconf 88' lang='lat' dir='ltr'>caenam</span> 
     </span>
     <span class='ocr_line' id='line_1_19' title="bbox 85 1795 1087 1906; baseline -0.004 -38"><span class='ocrx_word' id='word_1_152' title='bbox 85 1825 268 1906; x_wconf 89' lang='lat' dir='ltr'>quocumque</span> <span class='ocrx_word' id='word_1_153' title='bbox 296 1815 428 1885; x_wconf 86' lang='lat' dir='ltr'>tempore</span> <span class='ocrx_word' id='word_1_154' title='bbox 452 1814 481 1864; x_wconf 87' lang='lat' dir='ltr'>et</span> <span class='ocrx_word' id='word_1_155' title='bbox 502 1805 588 1882; x_wconf 84' lang='lat' dir='ltr'>loco,</span> <span class='ocrx_word' id='word_1_156' title='bbox 616 1822 673 1884; x_wconf 95' lang='lat' dir='ltr'>quo</span> <span class='ocrx_word' id='word_1_157' title='bbox 695 1805 861 1866; x_wconf 88' lang='lat' dir='ltr'>stomachus</span> <span class='ocrx_word' id='word_1_158' title='bbox 880 1795 1087 1866; x_wconf 86' lang='lat' dir='ltr'>desiderasset.</span> 
     </span>
     <span class='ocr_line' id='line_1_20' title="bbox 84 1886 1090 1970; baseline -0.002 -18"><span class='ocrx_word' id='word_1_159' title='bbox 84 1891 221 1952; x_wconf 88' lang='lat' dir='ltr'>Verba</span> <span class='ocrx_word' id='word_1_160' title='bbox 212 1892 303 1970; x_wconf 88' lang='lat' dir='ltr'>rpsius</span> <span class='ocrx_word' id='word_1_161' title='bbox 330 1908 368 1949; x_wconf 86' lang='lat' dir='ltr'>ex</span> <span class='ocrx_word' id='word_1_162' title='bbox 395 1889 470 1968; x_wconf 86' lang='lat' dir='ltr'>epist</span> <span class='ocrx_word' id='word_1_163' title='bbox 457 1889 529 1949; x_wconf 92' lang='lat' dir='ltr'>tolis</span> <span class='ocrx_word' id='word_1_164' title='bbox 549 1897 629 1949; x_wconf 87' lang='lat' dir='ltr'>sunt:</span> <span class='ocrx_word' id='word_1_165' title='bbox 661 1886 758 1950; x_wconf 82' lang='lat' dir='ltr'>Nos</span> <span class='ocrx_word' id='word_1_166' title='bbox 745 1909 778 1950; x_wconf 85' lang='grc' dir='ltr'>ιιι</span> <span class='ocrx_word' id='word_1_167' title='bbox 798 1890 907 1950; x_wconf 82' lang='lat' dir='ltr'>essedo</span> <span class='ocrx_word' id='word_1_168' title='bbox 924 1907 1040 1968; x_wconf 76' lang='lat' dir='ltr'>puncta</span> <span class='ocrx_word' id='word_1_169' title='bbox 1060 1895 1090 1950; x_wconf 82' lang='lat' dir='ltr'>ct</span> 
     </span>
     <span class='ocr_line' id='line_1_21' title="bbox 80 1971 1221 2054; baseline -0.004 -17"><span class='ocrx_word' id='word_1_170' title='bbox 80 1976 241 2054; x_wconf 82' lang='lat' dir='ltr'>palmulas</span> <span class='ocrx_word' id='word_1_171' title='bbox 257 1973 458 2054; x_wconf 80' lang='lat' dir='ltr'>pustouimus.</span> <span class='ocrx_word' id='word_1_172' title='bbox 503 1973 541 2034; x_wconf 83' lang='lat' dir='ltr'>Et</span> <span class='ocrx_word' id='word_1_173' title='bbox 561 1975 678 2033; x_wconf 88' lang='lat' dir='ltr'>iterum:</span> <span class='ocrx_word' id='word_1_174' title='bbox 704 1971 785 2050; x_wconf 81' lang='lat' dir='ltr'>Dum</span> <span class='ocrx_word' id='word_1_175' title='bbox 806 1974 917 2036; x_wconf 84' lang='lat' dir='ltr'>lectica</span> <span class='ocrx_word' id='word_1_176' title='bbox 938 1992 978 2034; x_wconf 71' lang='lat' dir='ltr'>ecc</span> <span class='ocrx_word' id='word_1_177' title='bbox 998 1973 1128 2054; x_wconf 72' lang='lat' dir='ltr'>reptatu</span> <span class='ocrx_word' id='word_1_178' title='bbox 1219 1997 1221 2048; x_wconf 86' lang='lat' dir='ltr'>l</span> 
     </span>
     <span class='ocr_line' id='line_1_22' title="bbox 84 2049 1221 2135; baseline -0.001 -16"><span class='ocrx_word' id='word_1_179' title='bbox 84 2059 205 2121; x_wconf 78' lang='lat' dir='ltr'>domum</span> <span class='ocrx_word' id='word_1_180' title='bbox 225 2058 334 2133; x_wconf 82' lang='lat' dir='ltr'>redeo,</span> <span class='ocrx_word' id='word_1_181' title='bbox 354 2057 449 2135; x_wconf 81' lang='lat' dir='ltr'>ponis</span> <span class='ocrx_word' id='word_1_182' title='bbox 466 2056 590 2118; x_wconf 82' lang='lat' dir='ltr'>unciam</span> <span class='ocrx_word' id='word_1_183' title='bbox 610 2076 677 2118; x_wconf 87' lang='lat' dir='ltr'>oum</span> <span class='ocrx_word' id='word_1_184' title='bbox 688 2057 802 2135; x_wconf 80' lang='lat' dir='ltr'>paucis</span> <span class='ocrx_word' id='word_1_185' title='bbox 817 2059 918 2118; x_wconf 81' lang='lat' dir='ltr'>acinis</span> <span class='ocrx_word' id='word_1_186' title='bbox 932 2075 1015 2118; x_wconf 82' lang='lat' dir='ltr'>uoco</span> <span class='ocrx_word' id='word_1_187' title='bbox 1030 2058 1085 2118; x_wconf 82' lang='lat' dir='ltr'>du·</span> <span class='ocrx_word' id='word_1_188' title='bbox 1105 2095 1110 2103; x_wconf 90' lang='lat'><em>-</em></span> <span class='ocrx_word' id='word_1_189' title='bbox 1220 2049 1221 2102; x_wconf 85' lang='lat' dir='ltr'>l</span> 
     </span>
     <span class='ocr_line' id='line_1_23' title="bbox 83 2139 1086 2220; baseline -0.001 -17"><span class='ocrx_word' id='word_1_190' title='bbox 83 2144 215 2204; x_wconf 70' lang='lat' dir='ltr'>ruciam</span> <span class='ocrx_word' id='word_1_191' title='bbox 230 2140 356 2202; x_wconf 85' lang='lat' dir='ltr'>comedi.</span> <span class='ocrx_word' id='word_1_192' title='bbox 379 2141 417 2201; x_wconf 89' lang='lat' dir='ltr'>Et</span> <span class='ocrx_word' id='word_1_193' title='bbox 428 2160 542 2202; x_wconf 74' lang='lat' dir='ltr'>misus:</span> <span class='ocrx_word' id='word_1_194' title='bbox 560 2139 607 2202; x_wconf 87' lang='lat' dir='ltr'>Ne</span> <span class='ocrx_word' id='word_1_195' title='bbox 619 2140 758 2202; x_wconf 78' lang='lat' dir='ltr'>Iudaeus</span> <span class='ocrx_word' id='word_1_196' title='bbox 770 2141 901 2220; x_wconf 84' lang='lat' dir='ltr'>quidem,</span> <span class='ocrx_word' id='word_1_197' title='bbox 915 2142 958 2202; x_wconf 83' lang='lat' dir='ltr'>mi</span> <span class='ocrx_word' id='word_1_198' title='bbox 972 2141 1086 2216; x_wconf 77' lang='lat' dir='ltr'>Tiberi,</span> 
     </span>
     <span class='ocr_line' id='line_1_24' title="bbox 85 2223 1089 2305; baseline -0.002 -18"><span class='ocrx_word' id='word_1_199' title='bbox 85 2233 148 2288; x_wconf 86' lang='lat' dir='ltr'>tom</span> <span class='ocrx_word' id='word_1_200' title='bbox 173 2226 333 2305; x_wconf 83' lang='lat' dir='ltr'>dilipcnter</span> <span class='ocrx_word' id='word_1_201' title='bbox 358 2223 503 2286; x_wconf 80' lang='lat' dir='ltr'>sabbatis</span> <span class='ocrx_word' id='word_1_202' title='bbox 522 2225 666 2286; x_wconf 76' lang='lat' dir='ltr'>ieiunium</span> <span class='ocrx_word' id='word_1_203' title='bbox 686 2231 793 2286; x_wconf 82' lang='lat' dir='ltr'>scroui</span> <span class='ocrx_word' id='word_1_204' title='bbox 810 2241 902 2305; x_wconf 86' lang='lat' dir='ltr'>quom</span> <span class='ocrx_word' id='word_1_205' title='bbox 921 2243 976 2304; x_wconf 79' lang='lat' dir='ltr'>epo</span> <span class='ocrx_word' id='word_1_206' title='bbox 995 2225 1089 2286; x_wconf 85' lang='lat' dir='ltr'>bodie</span> 
     </span>
     <span class='ocr_line' id='line_1_25' title="bbox 84 2307 1087 2390; baseline -0.003 -18"><span class='ocrx_word' id='word_1_207' title='bbox 84 2310 225 2386; x_wconf 80' lang='lat' dir='ltr'>servavi,</span> <span class='ocrx_word' id='word_1_208' title='bbox 243 2308 296 2390; x_wconf 84' lang='lat' dir='ltr'>qui</span> <span class='ocrx_word' id='word_1_209' title='bbox 306 2309 340 2372; x_wconf 80' lang='lat' dir='ltr'>in</span> <span class='ocrx_word' id='word_1_210' title='bbox 356 2307 480 2370; x_wconf 84' lang='lat' dir='ltr'>balineo</span> <span class='ocrx_word' id='word_1_211' title='bbox 497 2309 615 2369; x_wconf 83' lang='lat' dir='ltr'>domum</span> <span class='ocrx_word' id='word_1_212' title='bbox 627 2309 825 2389; x_wconf 73' lang='lat' dir='ltr'>poeticorum</span> <span class='ocrx_word' id='word_1_213' title='bbox 838 2311 971 2388; x_wconf 84' lang='lat' dir='ltr'>primum</span> <span class='ocrx_word' id='word_1_214' title='bbox 984 2309 1087 2371; x_wconf 80' lang='lat' dir='ltr'>noctis</span> 
     </span>
     <span class='ocr_line' id='line_1_26' title="bbox 85 2393 1127 2496; baseline -0.008 -40"><span class='ocrx_word' id='word_1_215' title='bbox 85 2396 166 2456; x_wconf 83' lang='lat' dir='ltr'>duas</span> <span class='ocrx_word' id='word_1_216' title='bbox 192 2394 326 2455; x_wconf 86' lang='lat' dir='ltr'>bucccus</span> <span class='ocrx_word' id='word_1_217' title='bbox 348 2393 538 2454; x_wconf 80' lang='lat' dir='ltr'>manducavi</span> <span class='ocrx_word' id='word_1_218' title='bbox 563 2394 655 2472; x_wconf 82' lang='lat' dir='ltr'>prius</span> <span class='ocrx_word' id='word_1_219' title='bbox 682 2411 775 2472; x_wconf 85' lang='lat' dir='ltr'>quum</span> <span class='ocrx_word' id='word_1_220' title='bbox 793 2395 889 2496; x_wconf 70' lang='lat' dir='ltr'>unqua·</span> <span class='ocrx_word' id='word_1_221' title='bbox 908 2393 1127 2472; x_wconf 70' lang='lat' dir='ltr'>inciperemus</span> 
     </span>
     <span class='ocr_line' id='line_1_27' title="bbox 83 2477 1088 2578; baseline -0.003 -37"><span class='ocrx_word' id='word_1_222' title='bbox 83 2480 129 2540; x_wconf 82' lang='lat' dir='ltr'>En</span> <span class='ocrx_word' id='word_1_223' title='bbox 150 2480 204 2540; x_wconf 92' lang='lat' dir='ltr'>bac</span> <span class='ocrx_word' id='word_1_224' title='bbox 227 2478 444 2538; x_wconf 87' lang='lat' dir='ltr'>inobservantia</span> <span class='ocrx_word' id='word_1_225' title='bbox 460 2495 670 2557; x_wconf 90' lang='lat' dir='ltr'>nonnumquam</span> <span class='ocrx_word' id='word_1_226' title='bbox 686 2477 733 2538; x_wconf 85' lang='lat' dir='ltr'>vel</span> <span class='ocrx_word' id='word_1_227' title='bbox 752 2486 817 2538; x_wconf 87' lang='lat' dir='ltr'>ante</span> <span class='ocrx_word' id='word_1_228' title='bbox 840 2479 938 2538; x_wconf 90' lang='lat' dir='ltr'>initum</span> <span class='ocrx_word' id='word_1_229' title='bbox 953 2477 1001 2537; x_wconf 82' lang='lat' dir='ltr'>rel</span> <span class='ocrx_word' id='word_1_230' title='bbox 1018 2486 1088 2578; x_wconf 87' lang='lat' dir='ltr'>post</span> 
     </span>
     <span class='ocr_line' id='line_1_28' title="bbox 85 2561 1086 2648; baseline -0.005 -23"><span class='ocrx_word' id='word_1_231' title='bbox 85 2565 230 2625; x_wconf 87' lang='lat' dir='ltr'>dimissum</span> <span class='ocrx_word' id='word_1_232' title='bbox 258 2563 419 2624; x_wconf 81' lang='lat' dir='ltr'>convivium</span> <span class='ocrx_word' id='word_1_233' title='bbox 442 2562 522 2622; x_wconf 89' lang='lat' dir='ltr'>solus</span> <span class='ocrx_word' id='word_1_234' title='bbox 547 2561 724 2648; x_wconf 88' lang='lat' dir='ltr'>oaenitabat,</span> <span class='ocrx_word' id='word_1_235' title='bbox 752 2580 814 2622; x_wconf 92' lang='lat' dir='ltr'>cum</span> <span class='ocrx_word' id='word_1_236' title='bbox 840 2563 928 2641; x_wconf 92' lang='lat' dir='ltr'>pleno</span> <span class='ocrx_word' id='word_1_237' title='bbox 951 2565 1086 2621; x_wconf 85' lang='lat' dir='ltr'>convivio</span> 
     </span>
    </p>

    <p class='ocr_par' dir='ltr' id='par_1_7' title="bbox 40 2645 1087 2726">
     <span class='ocr_line' id='line_1_29' title="bbox 40 2645 1087 2726; baseline -0.002 -20"><span class='ocrx_word' id='word_1_238' title='bbox 40 2651 74 2706; x_wconf 83' lang='lat'>77</span> <span class='ocrx_word' id='word_1_239' title='bbox 85 2648 154 2708; x_wconf 92' lang='lat' dir='ltr'>nihil</span> <span class='ocrx_word' id='word_1_240' title='bbox 175 2656 318 2724; x_wconf 86' lang='lat' dir='ltr'>tangeret.</span> <span class='ocrx_word' id='word_1_241' title='bbox 354 2647 421 2706; x_wconf 91' lang='lat' dir='ltr'>Vini</span> <span class='ocrx_word' id='word_1_242' title='bbox 443 2664 558 2726; x_wconf 90' lang='lat' dir='ltr'>quoque</span> <span class='ocrx_word' id='word_1_243' title='bbox 579 2656 679 2706; x_wconf 88' lang='lat' dir='ltr'>natura</span> <span class='ocrx_word' id='word_1_244' title='bbox 703 2647 888 2724; x_wconf 87' lang='lat' dir='ltr'>parcissimus</span> <span class='ocrx_word' id='word_1_245' title='bbox 908 2654 980 2706; x_wconf 87' lang='lat' dir='ltr'>orat</span> <span class='ocrx_word' id='word_1_246' title='bbox 1019 2645 1087 2706; x_wconf 90' lang='lat' dir='ltr'>Non</span> 
     </span>
    </p>

    <p class='ocr_par' dir='ltr' id='par_1_8' title="bbox 1 2729 1126 3313">
     <span class='ocr_line' id='line_1_30' title="bbox 1 2729 1087 2814; baseline -0.004 -22"><span class='ocrx_word' id='word_1_247' title='bbox 1 2782 5 2792; x_wconf 93' lang='lat'>.</span> <span class='ocrx_word' id='word_1_248' title='bbox 83 2731 204 2810; x_wconf 88' lang='lat' dir='ltr'>amplius</span> <span class='ocrx_word' id='word_1_249' title='bbox 214 2739 268 2789; x_wconf 86' lang='lat' dir='ltr'>ter</span> <span class='ocrx_word' id='word_1_250' title='bbox 281 2730 382 2790; x_wconf 88' lang='lat' dir='ltr'>bibere</span> <span class='ocrx_word' id='word_1_251' title='bbox 398 2747 463 2790; x_wconf 90' lang='lat' dir='ltr'>eum</span> <span class='ocrx_word' id='word_1_252' title='bbox 479 2731 594 2791; x_wconf 92' lang='lat' dir='ltr'>solitum</span> <span class='ocrx_word' id='word_1_253' title='bbox 611 2748 739 2814; x_wconf 63' lang='lat' dir='ltr'>superm</span> <span class='ocrx_word' id='word_1_254' title='bbox 716 2747 835 2812; x_wconf 88' lang='lat' dir='ltr'>caenam</span> <span class='ocrx_word' id='word_1_255' title='bbox 849 2733 878 2789; x_wconf 91' lang='lat' dir='ltr'>in</span> <span class='ocrx_word' id='word_1_256' title='bbox 894 2731 996 2791; x_wconf 86' lang='lat' dir='ltr'>castris</span> <span class='ocrx_word' id='word_1_257' title='bbox 1010 2729 1087 2808; x_wconf 88' lang='lat' dir='ltr'>apud</span> 
     </span>
     <span class='ocr_line' id='line_1_31' title="bbox 82 2801 1126 2914; baseline -0.008 -37"><span class='ocrx_word' id='word_1_258' title='bbox 82 2816 228 2890; x_wconf 81' lang='lat' dir='ltr'>Mutinam,</span> <span class='ocrx_word' id='word_1_259' title='bbox 244 2811 397 2875; x_wconf 68' lang='lat' dir='ltr'>(tomellus</span> <span class='ocrx_word' id='word_1_260' title='bbox 410 2813 513 2893; x_wconf 86' lang='lat' dir='ltr'>Nepos</span> <span class='ocrx_word' id='word_1_261' title='bbox 528 2813 622 2875; x_wconf 88' lang='lat' dir='ltr'>tradit.</span> <span class='ocrx_word' id='word_1_262' title='bbox 651 2801 809 2874; x_wconf 88' lang='lat' dir='ltr'>Posteau</span> <span class='ocrx_word' id='word_1_263' title='bbox 772 2815 905 2914; x_wconf 51' lang='lat' dir='ltr'>‹Lon-ens</span> <span class='ocrx_word' id='word_1_264' title='bbox 921 2814 1126 2891; x_wconf 76' lang='lat' dir='ltr'>largissimam</span> 
     </span>
     <span class='ocr_line' id='line_1_32' title="bbox 83 2899 1084 2974; baseline -0.004 -14"><span class='ocrx_word' id='word_1_265' title='bbox 83 2919 117 2961; x_wconf 91' lang='lat' dir='ltr'>se</span> <span class='ocrx_word' id='word_1_266' title='bbox 132 2900 275 2974; x_wconf 82' lang='lat' dir='ltr'>invitaret,</span> <span class='ocrx_word' id='word_1_267' title='bbox 291 2914 379 2957; x_wconf 88' lang='lat' dir='ltr'>senos</span> <span class='ocrx_word' id='word_1_268' title='bbox 396 2907 545 2959; x_wconf 89' lang='lat' dir='ltr'>sextantes</span> <span class='ocrx_word' id='word_1_269' title='bbox 559 2915 617 2958; x_wconf 92' lang='lat' dir='ltr'>non</span> <span class='ocrx_word' id='word_1_270' title='bbox 632 2899 772 2974; x_wconf 83' lang='lat' dir='ltr'>excessit,</span> <span class='ocrx_word' id='word_1_271' title='bbox 788 2907 835 2958; x_wconf 94' lang='lat' dir='ltr'>aut</span> <span class='ocrx_word' id='word_1_272' title='bbox 850 2917 875 2958; x_wconf 81' lang='grc' dir='ltr'>ιι</span> <span class='ocrx_word' id='word_1_273' title='bbox 894 2899 1084 2974; x_wconf 83' lang='lat' dir='ltr'>excessisset,</span> 
     </span>
     <span class='ocr_line' id='line_1_33' title="bbox 83 2942 1086 3061; baseline -0.004 -17"><span class='ocrx_word' id='word_1_274' title='bbox 83 2964 242 3044; x_wconf 81' lang='lat' dir='ltr'>reiciebat.</span> <span class='ocrx_word' id='word_1_275' title='bbox 265 2942 303 3041; x_wconf 77' lang='lat' dir='ltr'>bt</span> <span class='ocrx_word' id='word_1_276' title='bbox 321 2982 444 3041; x_wconf 87' lang='lat' dir='ltr'>maxime</span> <span class='ocrx_word' id='word_1_277' title='bbox 466 2983 629 3043; x_wconf 84' lang='lat' dir='ltr'>delectatus</span> <span class='ocrx_word' id='word_1_278' title='bbox 646 2993 691 3042; x_wconf 90' lang='lat' dir='ltr'>est</span> <span class='ocrx_word' id='word_1_279' title='bbox 704 2983 841 3060; x_wconf 85' lang='lat' dir='ltr'>Raetico,</span> <span class='ocrx_word' id='word_1_280' title='bbox 863 3000 959 3061; x_wconf 88' lang='lat' dir='ltr'>nequo</span> <span class='ocrx_word' id='word_1_281' title='bbox 975 2989 1086 3041; x_wconf 85' lang='lat' dir='ltr'>temere</span> 
     </span>
     <span class='ocr_line' id='line_1_34' title="bbox 82 3063 1086 3145; baseline 0.001 -18"><span class='ocrx_word' id='word_1_282' title='bbox 82 3066 207 3127; x_wconf 83' lang='lat' dir='ltr'>interdiu</span> <span class='ocrx_word' id='word_1_283' title='bbox 229 3063 311 3124; x_wconf 92' lang='lat' dir='ltr'>bibit.</span> <span class='ocrx_word' id='word_1_284' title='bbox 340 3063 397 3125; x_wconf 89' lang='lat' dir='ltr'>Pro</span> <span class='ocrx_word' id='word_1_285' title='bbox 419 3069 539 3144; x_wconf 91' lang='lat' dir='ltr'>potione</span> <span class='ocrx_word' id='word_1_286' title='bbox 561 3066 691 3126; x_wconf 89' lang='lat' dir='ltr'>sumebat</span> <span class='ocrx_word' id='word_1_287' title='bbox 713 3067 957 3145; x_wconf 79' lang='lat' dir='ltr'>perfusum-aqua</span> <span class='ocrx_word' id='word_1_288' title='bbox 978 3065 1086 3143; x_wconf 77' lang='lat' dir='ltr'>frigida</span> 
     </span>
     <span class='ocr_line' id='line_1_35' title="bbox 83 3150 1086 3230; baseline -0.002 -19"><span class='ocrx_word' id='word_1_289' title='bbox 83 3169 202 3230; x_wconf 89' lang='lat' dir='ltr'>panem,</span> <span class='ocrx_word' id='word_1_290' title='bbox 223 3157 271 3208; x_wconf 88' lang='lat' dir='ltr'>aut</span> <span class='ocrx_word' id='word_1_291' title='bbox 293 3150 454 3210; x_wconf 88' lang='lat' dir='ltr'>cucumeris</span> <span class='ocrx_word' id='word_1_292' title='bbox 473 3150 594 3210; x_wconf 82' lang='lat' dir='ltr'>inustum</span> <span class='ocrx_word' id='word_1_293' title='bbox 613 3151 661 3212; x_wconf 85' lang='lat' dir='ltr'>vel</span> <span class='ocrx_word' id='word_1_294' title='bbox 682 3150 842 3212; x_wconf 87' lang='lat' dir='ltr'>lactuculae</span> <span class='ocrx_word' id='word_1_295' title='bbox 864 3150 1010 3227; x_wconf 72' lang='lat' dir='ltr'>thyrsum,</span> <span class='ocrx_word' id='word_1_296' title='bbox 1037 3159 1086 3210; x_wconf 84' lang='lat' dir='ltr'>aut</span> 
     </span>
     <span class='ocr_line' id='line_1_36' title="bbox 83 3231 1122 3313; baseline -0.006 -18"><span class='ocrx_word' id='word_1_297' title='bbox 83 3253 188 3295; x_wconf 86' lang='lat' dir='ltr'>recens</span> <span class='ocrx_word' id='word_1_298' title='bbox 202 3231 347 3294; x_wconf 85' lang='lat' dir='ltr'>aridumve</span> <span class='ocrx_word' id='word_1_299' title='bbox 364 3251 479 3312; x_wconf 92' lang='lat' dir='ltr'>pomum</span> <span class='ocrx_word' id='word_1_300' title='bbox 494 3237 556 3295; x_wconf 89' lang='lat' dir='ltr'>suoi</span> <span class='ocrx_word' id='word_1_301' title='bbox 571 3235 737 3313; x_wconf 76' lang='lat' dir='ltr'>vitiosioris.</span> <span class='ocrx_word' id='word_1_302' title='bbox 1094 3249 1122 3290; x_wconf 82' lang='lat' dir='ltr'>as</span> 
     </span>
    </p>

    <p class='ocr_par' dir='ltr' id='par_1_9' title="bbox 36 3316 1119 3570">
     <span class='ocr_line' id='line_1_37' title="bbox 36 3316 1119 3396; baseline -0.002 -17"><span class='ocrx_word' id='word_1_303' title='bbox 36 3329 77 3386; x_wconf 79' lang='lat'>&#39;18</span> <span class='ocrx_word' id='word_1_304' title='bbox 142 3317 212 3379; x_wconf 84' lang='lat' dir='ltr'>Post</span> <span class='ocrx_word' id='word_1_305' title='bbox 227 3316 321 3377; x_wconf 92' lang='lat' dir='ltr'>cibum</span> <span class='ocrx_word' id='word_1_306' title='bbox 335 3316 538 3395; x_wconf 85' lang='lat' dir='ltr'>meridianum,</span> <span class='ocrx_word' id='word_1_307' title='bbox 563 3319 601 3378; x_wconf 89' lang='lat' dir='ltr'>ita</span> <span class='ocrx_word' id='word_1_308' title='bbox 618 3327 649 3380; x_wconf 91' lang='lat' dir='ltr'>ut</span> <span class='ocrx_word' id='word_1_309' title='bbox 664 3321 786 3378; x_wconf 87' lang='lat' dir='ltr'>vestitus</span> <span class='ocrx_word' id='word_1_310' title='bbox 803 3317 999 3396; x_wconf 86' lang='lat' dir='ltr'>calciatusque</span> <span class='ocrx_word' id='word_1_311' title='bbox 1013 3327 1085 3395; x_wconf 88' lang='lat' dir='ltr'>erat,</span> <span class='ocrx_word' id='word_1_312' title='bbox 1115 3358 1119 3364; x_wconf 92' lang='lat'>-</span> 
     </span>
     <span class='ocr_line' id='line_1_38' title="bbox 84 3401 1086 3482; baseline -0.001 -19"><span class='ocrx_word' id='word_1_313' title='bbox 84 3403 204 3463; x_wconf 85' lang='lat' dir='ltr'>retectis</span> <span class='ocrx_word' id='word_1_314' title='bbox 224 3401 350 3480; x_wconf 86' lang='lat' dir='ltr'>pedibus</span> <span class='ocrx_word' id='word_1_315' title='bbox 361 3403 510 3482; x_wconf 89' lang='lat' dir='ltr'>paulisper</span> <span class='ocrx_word' id='word_1_316' title='bbox 525 3403 765 3481; x_wconf 89' lang='lat' dir='ltr'>conquiescebat,</span> <span class='ocrx_word' id='word_1_317' title='bbox 781 3405 917 3482; x_wconf 89' lang='lat' dir='ltr'>opposita</span> <span class='ocrx_word' id='word_1_318' title='bbox 932 3403 967 3462; x_wconf 91' lang='lat' dir='ltr'>ad</span> <span class='ocrx_word' id='word_1_319' title='bbox 983 3401 1086 3462; x_wconf 88' lang='lat' dir='ltr'>oculos</span> 
     </span>
     <span class='ocr_line' id='line_1_39' title="bbox 83 3483 1085 3570; baseline -0.001 -24"><span class='ocrx_word' id='word_1_320' title='bbox 83 3504 177 3546; x_wconf 89' lang='lat' dir='ltr'>manu.</span> <span class='ocrx_word' id='word_1_321' title='bbox 220 3483 246 3544; x_wconf 78' lang='grc' dir='ltr'><strong>Α</strong></span> <span class='ocrx_word' id='word_1_322' title='bbox 267 3504 356 3570; x_wconf 74' lang='lat' dir='ltr'>caena</span> <span class='ocrx_word' id='word_1_323' title='bbox 374 3487 403 3546; x_wconf 89' lang='lat' dir='ltr'>in</span> <span class='ocrx_word' id='word_1_324' title='bbox 424 3487 588 3548; x_wconf 89' lang='lat' dir='ltr'>lecticulam</span> <span class='ocrx_word' id='word_1_325' title='bbox 610 3505 642 3547; x_wconf 90' lang='lat' dir='ltr'>se</span> <span class='ocrx_word' id='word_1_326' title='bbox 664 3485 887 3548; x_wconf 86' lang='lat' dir='ltr'>lucubratoriam</span> <span class='ocrx_word' id='word_1_327' title='bbox 907 3483 1085 3565; x_wconf 63' lang='lat' dir='ltr'>recipiebam</span> 
     </span>
    </p>
   </div>
   <div class='ocr_carea' id='block_1_3' title="bbox 0 0 1226 3872">
    <p class='ocr_par' dir='ltr' id='par_1_10' title="bbox 0 0 1226 3872">
     <span class='ocr_line' id='line_1_40' title="bbox 0 0 1226 3872; baseline 0 0"><span class='ocrx_word' id='word_1_328' title='bbox 0 0 1226 3872; x_wconf 95' lang='lat' dir='ltr'> </span> 
     </span>
    </p>
   </div>
  </div>
 </body>
</html>
