2444 3872
418 211 720 261 nrvnscnuonros.
1024 203 1081 264 161

1 363 2 370 '
82 365 203 444 ademit,
218 365 339 428 Rhodiis
352 366 390 428 ob
403 368 607 446 paenitentiam
621 377 751 429 veterum
765 363 937 432 delictorum
950 365 1086 430 reddidit.

4 472 7 485 ¹
81 450 251 530 Iliensibus,
269 451 351 530 quasi
366 451 513 513 Romanae
528 452 625 531 gentis
641 454 826 532 auctoribus,
847 454 952 515 tributa
974 456 1002 512 in
1019 471 1086 532 per·

83 545 199 617 petuum
207 536 334 612 remisit,
350 537 472 596 recitata
486 546 589 596 vetere
599 537 724 615 epistula
738 538 851 600 Graeca
863 548 981 599 senatus
993 553 1086 618 popu·

82 622 162 700 lique
176 620 212 682 R.
225 619 352 680 Seleuco
367 621 433 698 regi
448 621 600 682 amicitiam
616 629 645 680 et
654 626 824 684 societatem
842 624 881 683 ita
894 623 1006 682 demum
1022 619 1087 700 pol-

53 706 214 782 ⁵licentis‚
233 705 258 765 si
283 705 518 783 consanguineos
539 722 607 766 suos
628 705 750 768 llienses
774 707 810 767 ab
832 709 908 767 omni
929 723 1020 767 onere
1036 707 1087 764 im·

81 807 184 850 munes
206 790 411 868 praestitisset.
439 788 564 850 ludaeos
588 791 746 869 impulsore
763 790 888 852 Chresto
911 788 1028 851 assidue
1043 798 1087 848 tu·

81 873 248 934 multnantis
267 873 360 935 Roma
380 873 500 953 expulit.
522 873 730 936 Germanorum
753 875 861 953 legatis
884 877 912 934 in
934 873 1088 935 orchestra

83 957 190 1018 sedere
217 959 362 1036 permisit,
383 958 578 1036 simplicitate
607 977 707 1020 eorum
733 968 763 1019 et
788 958 891 1019 fiducia
917 966 1088 1035 commotus,

1 1072 3 1076 ·
84 1041 164 1122 quod
182 1043 210 1101 in
228 1042 380 1122 popularia
395 1041 526 1120 deducti,
548 1061 611 1102 cum
629 1043 899 1104 animadvertissent
913 1041 1038 1102 Parthos
1059 1049 1089 1100 et

43 1137 72 1178 ιο
83 1126 241 1186 Armenios
256 1125 385 1187 sedentis
401 1127 429 1186 in
446 1136 563 1204 senatu,
585 1126 620 1187 ad
637 1128 738 1188 eadem
758 1128 825 1188 loca
840 1136 945 1206 sponte
964 1126 1088 1186 transie-

83 1218 165 1287 rant,
182 1208 271 1270 nihilo
287 1211 461 1271 deteriorem
481 1211 615 1270 virtutem
630 1222 677 1272 aut
698 1211 893 1272 conditionem
908 1228 987 1270 suam
1004 1227 1088 1290 prae·

1 1304 9 1360 t
84 1295 226 1355 dicantes.
249 1293 421 1370 Dryidarum
439 1294 611 1373 religionem
627 1296 702 1376 apud
719 1295 819 1357 Gallos
836 1294 915 1356 dirae
932 1295 1088 1354 immanita·

1 1390 2 1456 ᾗ
82 1381 140 1456 tis,
159 1386 188 1438 et
202 1387 309 1438 tantum
325 1380 435 1440 civibus
455 1378 507 1438 sub
523 1380 657 1458 Augusto
673 1379 869 1456 interdictam,
886 1381 1001 1458 penitus
1020 1377 1089 1438 abo-

1 1465 2 1542 }
83 1463 185 1532 levit-s
202 1472 302 1524 contra
322 1481 406 1524 sacra
421 1463 569 1525 Eleusinia
590 1466 674 1524 etiam
691 1464 849 1526 transferre
865 1482 903 1523 ex
920 1463 1016 1524 Attica
1030 1461 1089 1523 llo·

1 1537 3 1622 j
41 1555 71 1598 1⁶
84 1564 161 1607 mam
178 1556 298 1607 conatus
323 1557 384 1625 est,
409 1547 634 1628 templumque
625 1569 654 1607 m
676 1549 774 1609 Sicilia
796 1548 922 1609 Veneris
944 1547 1090 1622 Erycinae

1 1629 2 1687 l
83 1638 232 1691 vetustate
246 1593 418 1711 cordapsbm
429 1641 460 1692 ut
475 1651 513 1692 ex
528 1635 641 1693 aerario
654 1651 724 1732 pop
737 1633 772 1694 R.
784 1619 972 1708 reticeretur
989 1639 1091 1690 auctor

1 1757 2 1763 κ
82 1717 150 1776 fuit.
174 1712 245 1775 (lum
259 1715 379 1793 regibus
394 1715 524 1777 ioedus'
516 1735 544 1776 m
562 1717 629 1777 iero
651 1719 702 1777 icit
721 1735 811 1796 porca
827 1733 913 1776 caesa
937 1721 1091 1775 revetere

83 1798 229 1862 fetialium
246 1801 428 1879 praelatione
450 1800 586 1862 adbibita
610 1802 668 1862 Sed
692 1811 722 1861 et
736 1801 811 1861 baec
825 1809 855 1860 et
870 1808 969 1860 cetera
986 1805 1090 1858 totum-

84 1902 146 1964 que
159 1883 239 1944 adeo
246 1902 284 1944 ex
293 1894 376 1963 parte
386 1902 491 1963 magna
508 1888 698 1965 principatum
710 1903 767 1945 non
779 1894 836 1946 tam
850 1900 904 1944 suo
920 1901 1005 1963 quam
1019 1899 1091 1942 uxo·

1 1953 72 2026 no
85 1986 153 2030 rum
171 1967 398 2049 libertorumque
427 1969 545 2047 arbitrio
568 1969 789 2047 administravit,
813 1968 878 2029 talis
901 1967 1008 2048 ubique
1030 1965 1091 2045 ple·

82 2071 223 2132 rumque,
239 2053 354 2131 qualem
369 2073 436 2114 esse
451 2072 516 2114 eum
531 2063 579 2116 aut
593 2054 747 2134 expediret
761 2053 819 2114 illis
836 2063 883 2114 aut
898 2053 1014 2113 liberet.

152 2139 282 2216 Sponsas
311 2136 460 2199 admodum
489 2138 662 2199 adulescens
689 2139 758 2199 duas
785 2137 904 2199 habuit:
939 2135 1137 2197 demittamne

82 2221 227 2300 Lepidam
243 2219 368 2300 Augusti
389 2232 563 2302 proneptem
581 2270 590 2300 ‚
611 2226 678 2284 item
699 2222 808 2282 Liviam
822 2221 1025 2298 lledpllinam,
1047 2221 1094 2280 cui

1 2351 2 2368 t
85 2315 120 2367 et
136 2321 302 2383 cognomen
319 2304 458 2367 Camillae
476 2314 554 2384 erat,
573 2327 589 2367 e
608 2325 719 2385 genere
737 2309 853 2386 antiquo
874 2305 1023 2366 dictatoris
1039 2302 1093 2364 Ca·

34 2410 73 2454 ,as
85 2390 171 2452 milli.
216 2388 363 2466 Priorem,
389 2390 466 2469 quod
488 2399 626 2470 parentes
647 2393 708 2451 eius
724 2391 886 2469 Augustum
903 2389 1094 2464 offenderant,

83 2475 234 2552 virginem
256 2473 349 2534 adhuc
368 2475 545 2554 repudiavit,
565 2477 759 2554 posteriorem
782 2477 849 2554 ipso
869 2474 936 2549 die,
961 2475 1009 2552 qui
1033 2481 1096 2531 erut

1 2629 2 2632 Ἴ
83 2559 199 2638 nuptiis
215 2556 390 2635 destinatus,
407 2578 446 2618 ex
462 2558 617 2620 valitudine
637 2561 738 2620 arrisit.
760 2559 879 2620 Uxores
895 2556 999 2618 deinde
1016 2554 1096 2615 duxit

85 2642 232 2704 Plautiam
253 2642 464 2720 Urgulanillam
483 2643 661 2722 triumphali,
685 2653 715 2704 et
736 2662 805 2704 mox
820 2642 933 2707 Aeliam
949 2640 1095 2702 Paetinam

89 2725 241 2787 consulari
257 2735 349 2805 patre.
375 2724 446 2787 (lum
461 2736 583 2807 udaque
598 2726 751 2788 divortium
765 2728 852 2803 lecit,
874 2725 926 2786 sed
944 2743 1007 2786 cum
1024 2722 1095 2783 Pae·

42 2823 77 2866 eo
86 2813 152 2872 tina
168 2808 332 2886 explevibus
345 2811 479 2888 offensis,
498 2829 562 2871 cum
576 2812 760 2890 Urgulanilla
775 2811 813 2871 ob
827 2811 974 2871 libidinum
987 2807 1107 2889 probra.
1178 2869 1206 2891 M

86 2903 122 2956 et
151 2893 297 2955 homicidii
323 2897 520 2975 suspitionem.
552 2894 622 2956 Post
651 2897 703 2956 lras
728 2895 874 2956 Valeriam
898 2893 1096 2968 messalinam,
1106 2893 1139 2972 gl·
1152 2895 1199 2971 bb
1208 2942 1215 2963 ,

6 3015 30 3060 ,
84 2978 212 3040 Barbati
225 2978 371 3040 Messalae
393 2979 560 3054 consobrini
583 2981 627 3040 sui
648 2980 751 3058 liliam,
776 2982 804 3039 in
819 2979 1027 3040 matrimonium
1050 2993 1096 3036 ac·
1194 3019 1196 3022 -

89 3063 184 3142 cepit.
223 3062 314 3138 Quam
339 3083 402 3124 cum
424 3065 618 3143 comperisset
639 3082 728 3142 super
752 3073 851 3124 cetera
880 3063 988 3161 flagitia
1010 3070 1099 3138 atque

1 3152 2 3228 g
80 3147 245 3208 dedecora
263 3145 297 3207 G
314 3147 386 3209 Silio
404 3151 488 3210 etiam
509 3149 644 3227 nupsisse
661 3146 729 3209 dote
747 3149 821 3207 inter
843 3148 978 3226 auspices
1002 3143 1098 3205 eonsi-

1 3255 3 3289 t
41 3239 199 3311 sagmata,
222 3218 367 3318 supplicio
389 3231 496 3293 adiecit
520 3233 757 3312 confirmavitque
784 3248 838 3312 pro
864 3229 999 3292 contione
1023 3225 1100 3327 apud

88 3309 310 3410 praetorianos,
323 3323 474 3397 quotenus
486 3316 548 3378 etot
557 3317 755 3379 matrimonio
765 3315 847 3378 male
861 3315 1013 3389 cederent,
1025 3329 1099 3391 per·

1 3435 2 3479 p
88 3404 277 3463 mouturam
290 3406 326 3461 'se
340 3402 374 3462 io
389 3400 562 3480 coelibatu,
579 3419 619 3464 oc
632 3400 693 3462 nias
688 3399 948 3480 permansisset,
973 3415 1036 3458 noo
1050 3413 1098 3456 re·

1 3484 2 3498 ¹
90 3491 279 3548 curatorem
300 3485 429 3564 confodi
446 3449 625 3548 mouibbs
611 3502 759 3566 aprorum.
794 3482 859 3543 Nee
881 3483 990 3627 1durare
1013 3479 1103 3540 valuit

145 3589 301 3674 suuroums.
902 3569 917 3628 1
