2416 3876
156 215 217 278 318
439 229 470 278 o.
492 228 656 278 sunuomn
676 231 887 291 pensaurum

155 383 265 462 pendit,
281 386 414 462 opinatur
430 385 478 461 qui
494 384 624 463 opinioni
639 395 687 446 ant
705 403 775 445 suae
791 395 838 446 aut
853 384 972 447 alterins
989 383 1096 464 credit,
1112 404 1151 447 ar·

155 467 277 527 hitratur
290 469 338 547 qui
355 466 458 527 dubiae
473 469 516 528 rei
528 467 619 546 finem
631 469 775 548 imponit,
797 470 1045 550 suspicatusque·
1060 471 1151 532 luten
1192 471 1193 474 ’

155 550 195 612 tis
215 551 264 612 rei
282 551 425 630 prospicit
441 551 572 612 formam.

215 646 375 707 Prohibere
399 656 428 708 et
446 647 590 727 inhibere]
607 647 832 726 prohibereest
851 666 942 728 porro
960 650 1089 728 habere,
1113 653 1153 711 ia·
1192 665 1193 688 ³

154 731 256 794 hibera
277 739 379 792 nautae
399 730 427 791 in
442 750 495 792 usu
510 730 630 800 hahent;
655 741 683 791 et
703 731 780 812 quod
801 732 986 813 prohibemus
1009 735 1090 812 iure,
1113 736 1194 834 iniq

154 814 285 876 libemus
300 816 434 895 imperio.

218 898 426 960 Plenitudinern
442 908 471 960 et
483 899 662 980 plenitatem]
680 898 827 978 plenitudo
846 917 999 980 corporum
1015 910 1072 978 est,
1089 901 1152 978 ple·

155 985 229 1045 nitas
243 999 358 1052 rernm:
380 984 418 1044 ita
441 983 647 1062 plenitudinem
668 983 823 1043 obesorum
841 1001 1010 1064 corporum,
1031 985 1152 1065 plenita·
1193 1055 1194 1064 ἵ

154 1076 212 1129 tem
228 1065 421 1147 quarumlibet
435 1067 555 1128 dicimus
569 1085 673 1128 rerum.
1192 1083 1194 1122 ι

217 1151 335 1211 Precnri
357 1160 387 1211 et
407 1151 570 1236 deprecari}
595 1167 747 1230 precamur
765 1150 866 1228 deum,
890 1151 1085 1231 deprecamur
1102 1151 1194 1211 luo-o

153 1237 255 1296 mines‘.

216 1331 339 1408 Regium
355 1339 385 1390 et
399 1330 541 1410 regalem}
553 1333 653 1408 regius
664 1350 737 1411 puer
747 1341 793 1392 est
805 1333 896 1410 regis,
910 1332 1020 1410 regalis
1035 1349 1091 1390 rex
1106 1333 1152 1408 qni

154 1415 232 1494 regit
248 1429 380 1490 regnum.
504 1461 507 1468 .

216 1497 360 1561 Relictam
375 1505 403 1556 et
417 1495 561 1557 desertum
576 1497 747 1576 hoediiiert‚
756 1499 1150 1582 quadrelinquimursponte‚

154 1583 312 1644 deserimur
326 1580 415 1640 iuviti.
1159 1599 1180 1640 rs

212 1663 354 1743 Reliquos
370 1673 400 1724 et
412 1663 540 1741 ceteros]
549 1663 804 1743 reliquosdioimus
818 1667 938 1727 relictos
954 1684 992 1727 ex
1006 1666 1149 1743 omnibus,

155 1759 270 1810 ceteros
286 1765 358 1828 quos
376 1748 544 1827 excipimus.

213 1831 365 1893 liedibinm
383 1849 436 1909 per
451 1830 469 1892 b
485 1839 515 1890 et
528 1831 666 1892 rediviam
681 1850 765 1911 perv
780 1833 915 1912 litteram}
924 1833 1065 1894 sedilium
1072 1833 1149 1914 quod

153 1916 280 1978 nascitur
295 1914 387 1976 semel
403 1917 432 1974 in
449 1932 540 1992 anno,
563 1915 702 1976 rediviam
718 1916 795 1996 quod
811 1934 902 1997 saepe
920 1919 1090 1978 revivescit.

212 1999 326 2077 Rugum
344 2007 374 2059 et
387 1999 499 2078 pyram]
516 2017 587 2078 pyra
605 2000 772 2078 sacrificiis,
790 2017 884 2078 rogus·
895 1996 1047 2061 defunctis.
1154 2015 1177 2056 aa

217 2097 426 2175 Sempiternum
455 2106 485 2158 et
518 2100 703 2178 perpetuum]
729 2097 861 2177 Nigidius
883 2100 910 2157 in
940 2097 1015 2159 libro
1046 2108 1148 2179 quarto

153 2185 206 2242 ait:
237 2180 452 2257 sempitemsm
476 2180 685 2242 inmortalium
714 2201 834 2258 reram,
862 2184 1044 2266 perpetuam
1067 2201 1148 2244 ntor·

152 2264 259 2326 talium
274 2269 339 2334 est,·
361 2263 556 2341 perpetuitas
576 2265 654 2326 enim
674 2265 706 2326 in
721 2272 831 2328 mostra
853 2272 969 2338 actura
989 2270 1047 2344 est,
1067 2283 1149 2346 quae

151 2346 273 2428 perpeti
290 2345 466 2407 accidentia
486 2355 605 2428 potest,
631 2349 860 2428 sempiternitas
880 2349 1000 2429 definita
1025 2355 1087 2427 cst,
1111 2366 1147 2410 eo

152 2431 237 2514 qood
249 2447 378 2510 semper.
1156 2459 1184 2500 m

215 2515 351 2576 Sedulnm
366 2523 395 2576 et
411 2515 529 2594 serium}
545 2516 663 2576 sedulus
678 2519 740 2577 sine
756 2517 824 2578 dolo
840 2525 927 2579 estet
941 2525 1084 2594 strenuus,
1100 2535 1147 2577 se·

150 2602 209 2662 rias
225 2600 307 2679 quasi
324 2617 446 2660 severus
460 2608 491 2660 et
505 2617 606 2679 asper3
628 2600 720 2661 serias
736 2602 819 2662 etiam
835 2601 926 2662 dictas
940 2619 988 2661 res
1010 2618 1026 2662 a
1041 2599 1147 2660 barba·

150 2687 190 2745 ris
211 2685 259 2764 qui
275 2685 364 2744 Seres
379 2682 571 2764 appellantur,
589 2685 738 2762 asperrimi
757 2694 786 2745 et
801 2686 970 2746 austerrimi.

213 2773 393 2843 Sceleratum
409 2780 587 2842 scelerosum
604 2789 634 2841 et
649 2781 804 2844 seelestam
820 2781 848 2842 id
862 2781 968 2864 diliert]
982 2780 1146 2841 sceleratus

151 2873 196 2926 est
218 2881 270 2926 suc
293 2864 390 2944 aliquo
415 2865 530 2926 scelere
555 2867 760 2927 contaminatus
775 2865 826 2950 ¹vel
848 2865 942 2946 aliqua
966 2865 1179 2942 contagionem

151 2948 278 3029 pollutus
301 2957 330 3008 et
349 2948 475 3025 infernin
498 2947 647 3010 scelestos
666 2957 760 3010 autem
783 2947 924 3010 scelerum
950 2948 1094 3028 cogitetur
1116 2957 1146 3008 et

151 3034 327 3101 conmissor3
355 3033 522 3094 scelerosus
549 3051 638 3110 uero,
664 3035 745 3111 quasi
773 3031 927 3094 insidiosus
949 3031 1144 3111 periculosus,

149 3125 271 3197 propter
285 3113 479 3177 assiduitatem
496 3117 647 3178 scelerum.

213 3201 307 3262 Silere
322 3208 352 3262 et
365 3201 478 3281 tacere]
497 3202 545 3280 qui
564 3200 631 3260 silet
647 3195 750 3260 desinit
772 3198 869 3279 loqui,
891 3207 969 3260 tacet
984 3207 1077 3260 autern
1094 3199 1144 3279 qui

148 3283 271 3344 nondum
288 3285 396 3364 coepit.
1153 3311 1179 3354 35

206 3379 364 3460 Consequi,
388 3383 514 3460 assequi,
537 3383 663 3463 insequi]
687 3383 890 3462 consequimur
907 3381 1143 3464 praecedentem,

149 3463 327 3540 assequimur
342 3463 454 3542 studio,
469 3465 644 3544 insequimur
657 3465 808 3526 inimicum.
