2444 3872
84 183 143 244 152
187 193 217 244 o.
231 194 382 243 suarom
400 193 528 255 unaue.
545 195 593 242 nu
609 194 691 242 urus
706 193 890 242 onustatum
906 194 976 242 ms.
991 194 1024 243 u.

38 356 73 408 10
83 349 266 429 pependerit
283 349 336 409 sub
366 349 461 411 edicto
497 349 720 429 praefectorum.
769 348 826 408 Per
852 347 925 408 haec
954 365 989 408 ac
1015 347 1085 407 talia
1146 402 1149 414 ,

81 435 203 493 maxima
229 435 331 494 aetatis
357 443 440 512 parte
466 442 626 510 transacta,
663 433 902 512 quiuquagesimo
929 448 1004 493 anno
1031 432 1083 490 irn-

81 518 191 595 perium
209 516 286 595 cepit
302 517 481 595 quantumvis
495 516 618 578 mirabili
634 535 711 577 casu.
750 515 895 576 Exclusus
915 517 989 575 inter
1004 523 1083 575 cete-

80 618 129 660 ros
146 598 188 661 ah
202 599 416 661 insidiatoribus
440 600 505 679 Gai,
530 619 609 678 curn,
632 603 714 679 quasi
741 609 884 660 secretum
905 617 942 660 eo
969 597 1084 668 deside·
1141 609 1145 616 '

79 693 177 762 rante,
212 683 324 746 turbam
356 683 576 762 submoverent,
605 686 633 743 in
662 684 803 759 diaetam,
831 686 876 743 cui
904 701 1009 744 nornen
1030 689 1126 742 ‘estu'

79 767 267 845 Hermaeum,
292 777 472 838 recesserat;
508 787 602 848 neque
628 768 717 828 multo
743 776 811 845 post
838 785 954 828 rumore
985 765 1084 828 caedis

80 853 252 928 exterritus,
277 855 424 932 prorepsit
445 852 481 912 ad
502 852 638 912 solarium
658 852 818 930 proximum
844 852 977 930 interque
1000 867 1082 929 prae·

79 945 158 996 tenta
190 935 302 996 loribus
328 937 393 997 vela
422 955 455 996 se
482 935 598 997 abdidit.
633 935 788 997 latentem
815 934 981 995 discurrens
1005 934 1083 994 lorte

79 1021 233 1096 gregarius
250 1020 349 1098 miles,
367 1019 574 1080 animadversis
592 1019 728 1099 pedibus,
759 1037 775 1078 e
800 1018 894 1080 studio
917 1016 1084 1078 sciscitandi

80 1105 209 1181 quisnam
225 1113 317 1179 esset,
341 1103 495 1181 adgnovit,
517 1112 735 1182 extractumque
751 1111 780 1162 et
801 1119 873 1182 prae
888 1111 965 1162 metu
980 1101 1016 1162 ad
1031 1118 1082 1178 ge·
1093 1115 1119 1156 aa
1220 1166 1222 1179 Α

79 1205 134 1246 nua
156 1186 210 1245 sihi
236 1186 416 1247 adcidentem
438 1189 643 1266 imperatorem
663 1187 806 1247 salutavit.
849 1186 923 1247 Hinc
949 1183 985 1246 ab
1009 1185 1083 1245 alios

80 1268 291 1328 commilitones
309 1269 472 1330 fluctuantis
494 1289 551 1331 nec
574 1272 726 1350 quicquam
741 1269 833 1330 adhuc
852 1288 936 1349 quam
958 1270 1082 1329 fremen-

78 1355 114 1412 tis
130 1352 273 1438 perduxit.
318 1352 364 1413 Ab
380 1353 424 1414 his
440 1354 563 1414 lecticae
579 1356 730 1434 impositus
752 1363 797 1431 et,
822 1355 888 1433 quia
904 1354 947 1413 sui
961 1353 1082 1429 dilinge-

78 1444 158 1511 rant,
179 1437 308 1497 vicissim
331 1437 557 1498 succollantibus
578 1438 606 1498 r‘n
629 1447 724 1498 castra
746 1437 859 1498 delatus
879 1446 925 1498 est
941 1438 1029 1496 tristis
1047 1452 1082 1495 ac

79 1519 223 1598 trepidus,
251 1521 405 1581 miserante
426 1521 511 1583 obvia
535 1523 616 1582 turba
629 1523 711 1601 quasi
726 1520 762 1581 ad
785 1539 909 1599 poenam
928 1529 1081 1599 raperetur
1094 1540 1121 1582 rs

78 1605 187 1663 insons.
231 1603 382 1684 Rec'eptus
395 1606 469 1666 intra
486 1606 608 1683 vallum,
631 1607 706 1665 inter
724 1604 863 1666 excubias
877 1606 995 1672 militum
1016 1621 1081 1683 per·

18 1721 23 1732 ·
78 1689 223 1765 noctavit,
245 1688 391 1767 aliquanto
405 1691 517 1752 minore
533 1707 587 1768 spe
602 1707 686 1767 quarn
700 1688 813 1750 fiducia.
857 1689 929 1750 Nam
946 1687 1084 1750 consules

79 1790 142 1831 cunr
160 1781 261 1832 senatu
278 1782 307 1832 et
322 1773 490 1834 cohortibus
505 1774 623 1834 urbanis
636 1772 728 1834 lorum
744 1770 976 1853 Capitoliumque
995 1789 1082 1833 occu·

79 1863 234 1933 paverant,
264 1859 403 1917 asserturi
430 1875 606 1919 communem
634 1855 811 1930 libertatem
851 1859 1020 1935 accitusque
1053 1863 1083 1914 et

79 1940 212 2016 ipseper
229 1939 288 2001 ΤΗ..
304 1940 357 2001 Ph.
374 1941 523 2002 incuriam
540 1941 575 2002 ad
592 1940 738 2002 suadenda
756 1959 830 2020 quae
845 1941 1027 2017 viderentur,
1050 1936 1119 1998 otro

77 2039 111 2081 ce
126 2028 156 2082 et
171 2026 354 2085 necessitate
376 2027 474 2086 teneri
491 2025 650 2104 respondit.
698 2027 804 2085 Verum
825 2032 945 2103 postero
967 2023 1032 2100 die,
1054 2030 1084 2082 et

78 2114 179 2164 senatu
194 2108 332 2184 segniore
350 2110 378 2168 in
394 2109 573 2187 exequendis
595 2108 745 2170 conatibus
762 2126 816 2186 per
835 2107 959 2169 taedium
976 2125 1011 2168 ac
1027 2106 1082 2166 dis·

79 2190 245 2248 sensionem
267 2190 382 2252 diuersa
403 2195 594 2272 censentium,
613 2203 642 2253 et
661 2191 838 2253 multitudine
861 2209 934 2272 quae
961 2191 1081 2251 circum·

78 2269 173 2332 stabat
195 2290 279 2333 unum
300 2283 445 2334 rectorem
461 2277 515 2335 iam
532 2285 561 2336 et
581 2278 746 2338 nominatim
769 2283 965 2355 exposcente,
991 2292 1081 2336 arma·

69 2363 124 2414 tos
141 2371 194 2433 pro
213 2358 349 2417 contione
366 2359 460 2419 iurare
473 2361 501 2419 in
517 2376 621 2421 nomen
643 2378 723 2420 suurn
740 2376 844 2439 passus
867 2368 913 2420 cst
937 2359 1118 2439 promisit-as

78 2457 134 2518 que
159 2440 280 2516 singulis
307 2443 391 2520 quina
419 2441 492 2503 dena
514 2445 662 2524 sestertia,
694 2445 802 2524 primus
818 2441 975 2506 Caesarum
996 2443 1082 2504 iidem

77 2523 175 2582 militis
191 2526 275 2584 etiarn
290 2527 420 2604 praemio
435 2528 612 2606 pigneratus.

28 2607 67 2662 11
139 2606 266 2685 Imperio
288 2609 429 2687 stabilito,
458 2612 527 2672 nihil
546 2613 688 2691 antiquius
709 2612 789 2674 duxit
806 2631 890 2693 quam
906 2611 934 2671 id
953 2610 1079 2687 biduum,

77 2708 135 2767 quo
152 2690 188 2749 de
206 2693 339 2753 mutando
355 2696 397 2752 rei
415 2713 443 2773 p.
460 2703 533 2756 statu
549 2695 720 2758 haesitatum
741 2707 817 2773 erat,
839 2697 1004 2757 memoriae
1019 2697 1079 2754 exi·

75 2792 165 2835 mere.
211 2775 340 2835 Omnium
363 2778 459 2856 itaque
479 2779 620 2841 factorum
641 2781 840 2860 dictorumque
860 2783 887 2840 in
911 2797 947 2838 eo
968 2779 1117 2838 veniamao

77 2867 106 2917 et
133 2858 310 2919 oblivionem
336 2861 364 2919 in
395 2871 565 2940 perpetuum
592 2867 685 2926 sanxit
714 2884 748 2926 ac
774 2865 932 2944 praestitit,
959 2861 1081 2922 tribunis

75 2940 162 3000 modo
189 2960 225 3002 ac
247 2944 462 3006 centurionibus
484 2950 617 3026 pancise
639 2949 852 3009 coniuratorum
867 2949 895 3008 in
912 2944 1010 3007 Gaium
1031 2965 1080 3005 nu·

75 3041 156 3084 mero
171 3026 370 3106 interemptis,
405 3031 532 3108 exempli
557 3029 639 3091 simul
656 3049 742 3093 causa
761 3041 789 3092 et
811 3031 888 3110 quod
911 3046 991 3090 suam
1009 3046 1079 3108 quo-

77 3125 134 3185 que
157 3108 276 3170 caedem
298 3111 513 3192 depoposcisse
534 3124 723 3192 cognoverat.
769 3115 938 3176 Conversus
958 3112 1026 3192 hinc
1044 3112 1080 3173 ad

77 3191 172 3252 ollrcia
189 3194 322 3272 pietatis,
346 3197 389 3255 ius
407 3197 554 3258 iurandum
569 3217 664 3276 neque
679 3201 806 3259 sanctius
823 3199 876 3259 sibi
897 3215 993 3277 neque
1015 3215 1077 3258 cre·
1089 3215 1115 3258 ae

76 3273 155 3334 brius
174 3278 292 3338 instituit
320 3296 404 3356 quarn
433 3298 487 3358 per
509 3279 679 3358 Augustum.
723 3281 818 3344 Aviae
845 3283 943 3343 Liuiae
965 3280 1079 3340 divinos

76 3354 204 3418 honores
234 3368 262 3418 et
288 3363 412 3420 circensi
442 3379 548 3440 pompa
578 3381 690 3424 currum
716 3365 952 3446 elephantorum,
979 3364 1078 3440 Augu·

73 3439 152 3499 atino
167 3441 305 3520 similem,
323 3442 506 3506 decernenda
522 3443 646 3518 curavit;
670 3448 837 3527 parentibus
850 3451 968 3510 inferias
984 3446 1078 3527 publi·
