2412 3876
485 227 589 276 nrvus
607 228 734 276 sununs.
1074 218 1116 282 29

108 382 222 444 Romae
238 397 302 439 cum
317 379 483 457 ingentibus
501 383 585 442 minis
599 400 766 464 summoque
783 386 868 446 etiam
882 384 961 445 urbis
981 383 1115 464 periculo

108 465 278 526 missionem
305 471 334 525 et
358 466 486 543 praemia
511 466 691 544 flagitantes,
722 469 842 529 ardente
867 477 934 529 tnnc
960 469 989 527 in
1014 466 1117 528 Africa

108 548 206 626 bello,
226 565 321 626 neque
346 546 426 608 adire
452 557 602 610 cunctatus
623 559 683 627 est,
710 569 879 632 quamquam
901 552 1116 612 deterrentibus

108 635 227 707 amicis,
242 649 338 710 neque
354 630 513 703 dimittere;
531 632 583 693 sed
599 651 653 694 una
669 652 761 713 rone,
777 655 832 715 qua
845 637 973 711 Quirites
990 653 1044 696 eos
1060 653 1115 716 pro

85 715 247 776 umilitibus
273 712 448 795 appellarat,
470 725 526 777 tam
552 717 641 778 facile
666 721 836 798 circumegit
864 705 902 780 etx
919 719 1016 795 flexit,
1036 730 1066 780 ut
1088 721 1115 780 ei

107 800 216 860 milites
242 815 310 858 esse
332 799 486 860 confestim
505 801 711 881 responderint
730 813 759 863 et
783 806 912 883 quamvis
931 811 1116 864 recusantem

107 885 185 945 ultro
206 882 237 942 in
251 882 382 944 Africam
401 885 458 944 sint
478 887 586 955 secuti;
606 903 642 946 ao
662 887 707 947 sic
728 905 844 966 quoque
865 887 1116 948 seditiosissimum

108 984 252 1047 quemque
268 975 298 1026 et
314 966 440 1046 praedae
457 977 486 1027 et
502 971 565 1047 agri
580 969 714 1031 destinati
729 973 815 1032 tertia
829 979 912 1051 parte
926 969 1066 1032 multavit.

173 1049 303 1111 Studium
315 1058 345 1110 et
358 1050 432 1112 fides
444 1069 516 1129 erga
531 1053 646 1112 clientis
659 1073 696 1114 ne
711 1056 807 1115 iuveni
823 1055 937 1134 quidem
951 1055 1113 1115 defuerunt.
1123 1062 1155 1118 71

70 1133 279 1199 rohasintha'm
300 1133 429 1195 nobilem
450 1136 599 1215 iuvenem,
620 1155 684 1198 cum
702 1138 842 1199 adversus
856 1138 1052 1218 Hiempsalem
1068 1157 1113 1198 re-

107 1227 176 1298 'gem
190 1227 248 1280 tam
262 1219 349 1279 enixe
364 1217 544 1281 defendisset
558 1231 589 1280 ut
601 1220 690 1282 lubae
705 1224 787 1300 regis
803 1222 863 1283 lilio
879 1226 908 1282 in
922 1222 1114 1284 altercatione

106 1302 226 1364 barbam
251 1304 406 1382 invaserit,
435 1305 651 1383 stipendiarium
681 1324 797 1386 quoque
827 1309 1055 1387 pronuntiatum,
1086 1315 1116 1365 et

106 1386 340 1448 abstrahentibus
367 1387 463 1448 statim
485 1389 592 1468 eripuit
617 1391 831 1470 occultauitque
861 1391 937 1471 apud
961 1409 994 1450 se
1015 1390 1062 1450 diu
1085 1398 1115 1449 et

105 1488 192 1549 mox,
223 1488 262 1531 ex
286 1479 421 1550 praetura
445 1473 639 1551 proficiscens
659 1476 689 1533 in
709 1474 889 1554 Hispaniam,
903 1478 989 1535 inter
1015 1475 1114 1536 officia
1196 1535 1200 1541 ,

70 1576 96 1618 as
106 1557 347 1636 prosequentium
361 1557 517 1634 fascesque
531 1555 664 1617 lictorum
680 1557 786 1619 lectica
800 1577 851 1618 sua
866 1561 973 1620 avexit.

171 1637 292 1700 Amicos
313 1645 391 1702 tanta
414 1655 531 1719 semper
550 1640 689 1702 facilitate
708 1641 945 1722 indulgentiaque
967 1643 1156 1721 tractavisse

104 1733 137 1784 ut
157 1722 229 1783 Gaio
252 1721 348 1802 Oppio
375 1725 520 1784 comitanti
542 1743 575 1784 se
599 1742 654 1805 per
676 1725 813 1785 silvestre
834 1727 891 1786 iter
915 1735 1112 1806 correptoque

1 1836 5 1884 ς
105 1806 200 1868 subita
218 1805 375 1867 valitudine
394 1806 600 1868 deversoriolo
618 1827 671 1886 co,
691 1809 769 1887 quod
784 1827 868 1870 unum
887 1819 966 1886 erat,
990 1813 1114 1871 cesserit
1173 1870 1178 1878 ,

106 1893 216 1970 etipse
232 1889 307 1950 humi
324 1907 360 1951 ac
374 1889 426 1951 sub
442 1889 509 1952 divo
525 1891 666 1952 cubuerit.
703 1892 763 1953 lam
783 1902 877 1954 autern
895 1911 992 1955 rerum
1006 1901 1111 1974 potens

68 2000 95 2041 so
106 1974 247 2055 quosdam
271 1976 356 2034 etiarn
377 1975 464 2034 infimi
488 1977 607 2053 generis
628 1977 664 2036 ad
680 1977 873 2057 amplissimos
894 1978 1024 2039 honores
1043 1997 1111 2059 pro·

105 2061 201 2136 rexit,
218 2075 282 2119 cnm
300 2058 338 2118 ob
357 2057 387 2118 id
401 2058 582 2139 culparetur,
604 2060 757 2141 professus
770 2060 879 2142 palam,
901 2062 932 2124 si
947 2069 1110 2142 prosecto-

1 2171 2 2176 1
103 2161 175 2207 rum
189 2148 219 2204 et
232 2142 421 2204 sicariorum
436 2160 495 2220 ope
511 2143 544 2204 in
561 2143 676 2206 tuenda
689 2161 750 2205 suc
764 2145 915 2226 dignitate
928 2164 1005 2207 usus
1020 2154 1111 2224 esset,

105 2225 224 2288 lctibus
238 2243 358 2307 quoque
376 2244 411 2287 se
425 2244 537 2305 parem
551 2229 688 2308 pretinm
701 2228 882 2292 relaturum.

171 2309 336 2371 Simultates
353 2319 453 2371 contra
469 2310 561 2372 nullas
581 2321 638 2373 tam
656 2331 765 2391 graves
780 2316 900 2394 excepit
918 2332 1057 2395 unquam,
1082 2323 1154 2380 utta

67 2411 166 2454 mnon
187 2395 344 2456 occasione
367 2393 466 2475 oblata
479 2395 574 2456 libens
594 2395 767 2477 deponeret.
812 2398 863 2459 Gai
877 2399 1015 2477 blemmi,
1031 2400 1111 2458 cuius

105 2478 275 2558 asperrimis
299 2479 478 2540 orationibus
500 2497 560 2540 non
579 2483 692 2541 minore
718 2481 878 2542 acerbitate
905 2484 1111 2563 rescripserat,

105 2566 194 2624 etiam
219 2562 397 2641 suffragator
420 2580 490 2623 mox
515 2565 544 2622 in
570 2566 711 2644 petitione
739 2564 906 2626 consulatus
931 2565 994 2628 fuit.
1039 2565 1110 2627 Gaio

106 2644 201 2708 Calvo
216 2653 285 2726 post
299 2648 410 2709 famosa
426 2649 634 2727 epigrammata
655 2647 691 2708 de
710 2649 952 2710 reconciliatione
972 2666 1026 2730 per
1044 2651 1110 2712 ami-
1163 2672 1166 2676 ·

2 2754 7 2760 ·
107 2747 159 2792 cos
174 2732 272 2808 agenti
287 2731 363 2792 ultro
378 2749 414 2792 ao
427 2733 509 2810 prior
526 2734 653 2812 scripsit.
682 2732 830 2794 Valerium
846 2731 1007 2811 Catullum,¹¹
1020 2752 1036 2794 a
1053 2752 1110 2814 quo

69 2814 163 2876 sosibi
184 2815 338 2875 versiculis
360 2814 396 2876 de
417 2814 559 2876 blamurra
579 2825 721 2896 perpetua
743 2817 877 2894 stigmata
898 2819 1032 2898 imposita
1052 2835 1111 2877 non

105 2896 352 2976 dissimulaverat,
374 2901 444 2960 satis
467 2899 623 2960 facientem
649 2899 750 2960 eadem
777 2901 824 2962 die
849 2901 975 2963 adhibuit
1002 2919 1110 2974 caenae

105 2984 294 3064 hospitioque
319 2985 410 3063 patris
434 2984 512 3060 eius,
535 2985 612 3044 sicut
636 2993 807 3063 consuerat,
832 2989 872 3046 nti
897 2987 1109 3067 perseveravit.

105 3067 165 3129 Sed
187 3076 217 3128 et
243 3069 272 3127 in
296 3067 466 3130 ulciscendo
491 3077 591 3129 natura
613 3069 794 3145 lenissimus,
818 3071 942 3150 piratas,
968 3072 1153 3150 aquibusmt

106 3161 209 3232 captus
223 3159 284 3228 est,
306 3169 369 3212 oum
388 3154 417 3212 iu
433 3150 577 3213 dicionem
593 3152 774 3231 redegisset,
793 3157 927 3233 quoniam
942 3153 1109 3215 suffixurum

69 3251 139 3298 asse
162 3237 326 3296 cruciante
345 3238 505 3314 iuraverat,
526 3237 649 3315 iugulari
664 3239 744 3318 prius
761 3239 859 3315 iussit,
877 3237 980 3300 deinde
995 3237 1108 3315 suffigi;

106 3317 248 3382 Cornelio
262 3317 419 3399 Phagitae,
440 3321 520 3382 cuius
541 3322 684 3401 quondam
704 3331 861 3384 nocturnas
881 3324 998 3383 insidias
1018 3339 1109 3400 aeger

105 3422 140 3466 ac
153 3404 265 3482 latens,
281 3423 318 3466 ne
334 3404 543 3485 perduceretur
558 3405 594 3466 ad
609 3406 731 3484 Sullam,
748 3409 798 3466 vix
813 3407 942 3487 praemio
959 3405 1025 3467 dato
1041 3424 1107 3468 era·

101 3497 201 3568 serat,
223 3506 373 3568 numquam
395 3507 505 3551 nocere
528 3493 674 3561 sustinuit;
698 3490 895 3554 Philemonem
912 3509 928 3551 a
943 3507 1026 3551 manu
1046 3509 1108 3551 ser-
