<?xml version="1.0" encoding="UTF-8"?>
<!DOCTYPE html PUBLIC "-//W3C//DTD XHTML 1.0 Transitional//EN"
    "http://www.w3.org/TR/xhtml1/DTD/xhtml1-transitional.dtd">
<html xmlns="http://www.w3.org/1999/xhtml" xml:lang="en" lang="en">
 <head>
  <title>
</title>
<meta http-equiv="Content-Type" content="text/html;charset=utf-8" />
  <meta name='ocr-system' content='tesseract 3.04.00' />
  <meta name='ocr-capabilities' content='ocr_page ocr_carea ocr_par ocr_line ocrx_word'/>
</head>
<body>
  <div class='ocr_page' id='page_1' title='image "./csuetonitranqui00rothgoog_0317.png"; bbox 0 0 2438 3872; ppageno 0'>
   <div class='ocr_carea' id='block_1_1' title="bbox 544 181 1116 246">
    <p class='ocr_par' dir='ltr' id='par_1_1' title="bbox 544 181 1116 246">
     <span class='ocr_line' id='line_1_1' title="bbox 544 181 1116 246; baseline 0.01 -8"><span class='ocrx_word' id='word_1_1' title='bbox 544 189 716 241; x_wconf 76' lang='lat' dir='ltr'>escas.</span> <span class='ocrx_word' id='word_1_2' title='bbox 1054 181 1116 246; x_wconf 82' lang='lat'>207</span> 
     </span>
    </p>
   </div>
   <div class='ocr_carea' id='block_1_2' title="bbox 1 341 1216 3530">
    <p class='ocr_par' dir='ltr' id='par_1_2' title="bbox 1 341 1216 3530">
     <span class='ocr_line' id='line_1_2' title="bbox 121 341 1114 424; baseline 0.005 -19"><span class='ocrx_word' id='word_1_3' title='bbox 121 342 221 405; x_wconf 83' lang='lat' dir='ltr'>Salvio</span> <span class='ocrx_word' id='word_1_4' title='bbox 241 341 347 404; x_wconf 80' lang='lat' dir='ltr'><strong>Othoni</strong></span> <span class='ocrx_word' id='word_1_5' title='bbox 366 343 500 423; x_wconf 88' lang='lat' dir='ltr'>praebuit</span> <span class='ocrx_word' id='word_1_6' title='bbox 521 344 691 424; x_wconf 86' lang='lat' dir='ltr'>perficiendi</span> <span class='ocrx_word' id='word_1_7' title='bbox 713 354 817 406; x_wconf 91' lang='lat' dir='ltr'>conata</span> <span class='ocrx_word' id='word_1_8' title='bbox 831 345 905 408; x_wconf 91' lang='lat' dir='ltr'>intra</span> <span class='ocrx_word' id='word_1_9' title='bbox 923 347 1114 410; x_wconf 85' lang='lat' dir='ltr'>sextumado·</span> 
     </span>
     <span class='ocr_line' id='line_1_3' title="bbox 4 427 332 508; baseline -0.009 -19"><span class='ocrx_word' id='word_1_10' title='bbox 4 443 5 446; x_wconf 74' lang='grc'>’</span> <span class='ocrx_word' id='word_1_11' title='bbox 120 429 229 508; x_wconf 90' lang='lat' dir='ltr'>ptiouis</span> <span class='ocrx_word' id='word_1_12' title='bbox 247 427 332 488; x_wconf 93' lang='lat' dir='ltr'>diem.</span> 
     </span>
     <span class='ocr_line' id='line_1_4' title="bbox 183 510 1161 596; baseline 0.006 -23"><span class='ocrx_word' id='word_1_13' title='bbox 183 510 288 590; x_wconf 88' lang='lat' dir='ltr'>hlagna</span> <span class='ocrx_word' id='word_1_14' title='bbox 300 520 329 572; x_wconf 90' lang='lat' dir='ltr'>et</span> <span class='ocrx_word' id='word_1_15' title='bbox 341 511 455 573; x_wconf 93' lang='lat' dir='ltr'>assidua</span> <span class='ocrx_word' id='word_1_16' title='bbox 466 521 593 574; x_wconf 88' lang='lat' dir='ltr'>monstra</span> <span class='ocrx_word' id='word_1_17' title='bbox 605 514 660 574; x_wconf 89' lang='lat' dir='ltr'>iam</span> <span class='ocrx_word' id='word_1_18' title='bbox 679 512 776 574; x_wconf 88' lang='lat' dir='ltr'>iudea</span> <span class='ocrx_word' id='word_1_19' title='bbox 795 515 938 593; x_wconf 86' lang='lat' dir='ltr'>principio</span> <span class='ocrx_word' id='word_1_20' title='bbox 956 516 1062 576; x_wconf 81' lang='lat' dir='ltr'>exitum</span> <span class='ocrx_word' id='word_1_21' title='bbox 1077 515 1114 596; x_wconf 89' lang='lat' dir='ltr'>ei,</span> <span class='ocrx_word' id='word_1_22' title='bbox 1124 526 1161 584; x_wconf 79' lang='lat'>18</span> 
     </span>
     <span class='ocr_line' id='line_1_5' title="bbox 95 595 1116 677; baseline 0.003 -21"><span class='ocrx_word' id='word_1_23' title='bbox 95 659 97 663; x_wconf 74' lang='grc'>,</span> <span class='ocrx_word' id='word_1_24' title='bbox 121 597 214 676; x_wconf 89' lang='lat' dir='ltr'>qualis</span> <span class='ocrx_word' id='word_1_25' title='bbox 226 599 333 674; x_wconf 88' lang='lat' dir='ltr'>evenit,</span> <span class='ocrx_word' id='word_1_26' title='bbox 346 596 562 675; x_wconf 70' lang='lat' dir='ltr'><strong>portenderant.</strong></span> <span class='ocrx_word' id='word_1_27' title='bbox 602 595 672 657; x_wconf 83' lang='lat' dir='ltr'>Cum</span> <span class='ocrx_word' id='word_1_28' title='bbox 691 615 745 677; x_wconf 92' lang='lat' dir='ltr'>per</span> <span class='ocrx_word' id='word_1_29' title='bbox 757 615 841 658; x_wconf 88' lang='lat' dir='ltr'>omne</span> <span class='ocrx_word' id='word_1_30' title='bbox 858 599 913 659; x_wconf 91' lang='lat' dir='ltr'>iter</span> <span class='ocrx_word' id='word_1_31' title='bbox 930 597 1032 660; x_wconf 85' lang='lat' dir='ltr'>dextra</span> <span class='ocrx_word' id='word_1_32' title='bbox 1048 601 1116 660; x_wconf 92' lang='lat' dir='ltr'>sini-</span> 
     </span>
     <span class='ocr_line' id='line_1_6' title="bbox 3 679 1116 761; baseline 0.003 -20"><span class='ocrx_word' id='word_1_33' title='bbox 3 731 5 754; x_wconf 50' lang='lat'>,</span> <span class='ocrx_word' id='word_1_34' title='bbox 98 690 238 760; x_wconf 81' lang='lat' dir='ltr'>astraque</span> <span class='ocrx_word' id='word_1_35' title='bbox 256 679 415 761; x_wconf 79' lang='lat' dir='ltr'><strong>oppidatim</strong></span> <span class='ocrx_word' id='word_1_36' title='bbox 436 682 570 740; x_wconf 83' lang='lat' dir='ltr'>victimae</span> <span class='ocrx_word' id='word_1_37' title='bbox 588 679 793 759; x_wconf 78' lang='lat' dir='ltr'>caederentur,</span> <span class='ocrx_word' id='word_1_38' title='bbox 813 691 911 742; x_wconf 89' lang='lat' dir='ltr'>taurus</span> <span class='ocrx_word' id='word_1_39' title='bbox 928 685 1040 743; x_wconf 88' lang='lat' dir='ltr'>securis</span> <span class='ocrx_word' id='word_1_40' title='bbox 1056 685 1116 744; x_wconf 91' lang='lat' dir='ltr'>ictu</span> 
     </span>
     <span class='ocr_line' id='line_1_7' title="bbox 3 764 1115 847; baseline 0.004 -23"><span class='ocrx_word' id='word_1_41' title='bbox 3 821 4 836; x_wconf 13' lang='grc' dir='ltr'>ι</span> <span class='ocrx_word' id='word_1_42' title='bbox 121 774 322 826; x_wconf 89' lang='lat' dir='ltr'>consternatus</span> <span class='ocrx_word' id='word_1_43' title='bbox 333 774 421 844; x_wconf 87' lang='lat' dir='ltr'>rupto</span> <span class='ocrx_word' id='word_1_44' title='bbox 435 764 553 826; x_wconf 81' lang='lat' dir='ltr'>vinculo</span> <span class='ocrx_word' id='word_1_45' title='bbox 572 764 705 826; x_wconf 80' lang='lat' dir='ltr'>essedum</span> <span class='ocrx_word' id='word_1_46' title='bbox 717 767 780 827; x_wconf 90' lang='lat' dir='ltr'>eius</span> <span class='ocrx_word' id='word_1_47' title='bbox 791 767 896 826; x_wconf 83' lang='lat' dir='ltr'>invasit</span> <span class='ocrx_word' id='word_1_48' title='bbox 910 765 1053 846; x_wconf 90' lang='lat' dir='ltr'>elatisque</span> <span class='ocrx_word' id='word_1_49' title='bbox 1064 785 1115 847; x_wconf 93' lang='lat' dir='ltr'>pe·</span> 
     </span>
     <span class='ocr_line' id='line_1_8' title="bbox 3 847 1114 930; baseline 0.004 -22"><span class='ocrx_word' id='word_1_50' title='bbox 3 859 5 890; x_wconf 70' lang='lat'>³</span> <span class='ocrx_word' id='word_1_51' title='bbox 119 848 203 910; x_wconf 91' lang='lat' dir='ltr'>dihus</span> <span class='ocrx_word' id='word_1_52' title='bbox 215 858 304 910; x_wconf 91' lang='lat' dir='ltr'>totum</span> <span class='ocrx_word' id='word_1_53' title='bbox 317 867 421 910; x_wconf 90' lang='lat' dir='ltr'>cruore</span> <span class='ocrx_word' id='word_1_54' title='bbox 430 847 576 930; x_wconf 80' lang='lat' dir='ltr'>perfudit3</span> <span class='ocrx_word' id='word_1_55' title='bbox 594 867 629 910; x_wconf 93' lang='lat' dir='ltr'>ac</span> <span class='ocrx_word' id='word_1_56' title='bbox 640 849 865 910; x_wconf 79' lang='lat' dir='ltr'>descendentem</span> <span class='ocrx_word' id='word_1_57' title='bbox 880 850 1050 929; x_wconf 76' lang='lat' dir='ltr'>speculator</span> <span class='ocrx_word' id='word_1_58' title='bbox 1064 854 1114 912; x_wconf 90' lang='lat' dir='ltr'>irn-</span> 
     </span>
     <span class='ocr_line' id='line_1_9' title="bbox 119 932 1120 1014; baseline 0.002 -21"><span class='ocrx_word' id='word_1_59' title='bbox 119 932 204 1013; x_wconf 92' lang='lat' dir='ltr'>pulsu</span> <span class='ocrx_word' id='word_1_60' title='bbox 216 932 316 996; x_wconf 85' lang='lat' dir='ltr'>turbae</span> <span class='ocrx_word' id='word_1_61' title='bbox 324 933 427 995; x_wconf 92' lang='lat' dir='ltr'>lancea</span> <span class='ocrx_word' id='word_1_62' title='bbox 435 950 528 1013; x_wconf 92' lang='lat' dir='ltr'>prope</span> <span class='ocrx_word' id='word_1_63' title='bbox 536 933 708 994; x_wconf 84' lang='lat' dir='ltr'>vulneravit.</span> <span class='ocrx_word' id='word_1_64' title='bbox 731 932 839 996; x_wconf 84' lang='lat' dir='ltr'>Urbem</span> <span class='ocrx_word' id='word_1_65' title='bbox 847 952 964 1014; x_wconf 94' lang='lat' dir='ltr'>quoque</span> <span class='ocrx_word' id='word_1_66' title='bbox 973 944 1003 995; x_wconf 92' lang='lat' dir='ltr'>et</span> <span class='ocrx_word' id='word_1_67' title='bbox 1011 935 1120 996; x_wconf 51' lang='lat' dir='ltr'>deinde*</span> 
     </span>
     <span class='ocr_line' id='line_1_10' title="bbox 2 1017 1115 1098; baseline 0 -20"><span class='ocrx_word' id='word_1_68' title='bbox 2 1034 4 1098; x_wconf 52' lang='lat'>,</span> <span class='ocrx_word' id='word_1_69' title='bbox 118 1017 257 1078; x_wconf 85' lang='lat' dir='ltr'>Palatium</span> <span class='ocrx_word' id='word_1_70' title='bbox 268 1019 432 1097; x_wconf 90' lang='lat' dir='ltr'>ingressum</span> <span class='ocrx_word' id='word_1_71' title='bbox 443 1018 562 1097; x_wconf 83' lang='lat' dir='ltr'>excepit</span> <span class='ocrx_word' id='word_1_72' title='bbox 573 1026 669 1077; x_wconf 91' lang='lat' dir='ltr'>terrae</span> <span class='ocrx_word' id='word_1_73' title='bbox 684 1026 793 1078; x_wconf 90' lang='lat' dir='ltr'>tremor</span> <span class='ocrx_word' id='word_1_74' title='bbox 805 1027 833 1078; x_wconf 92' lang='lat' dir='ltr'>et</span> <span class='ocrx_word' id='word_1_75' title='bbox 845 1019 980 1079; x_wconf 87' lang='lat' dir='ltr'>assimilis</span> <span class='ocrx_word' id='word_1_76' title='bbox 1001 1019 1115 1097; x_wconf 88' lang='lat' dir='ltr'>quidam</span> 
     </span>
     <span class='ocr_line' id='line_1_11' title="bbox 1 1096 1115 1181; baseline 0.002 -21"><span class='ocrx_word' id='word_1_77' title='bbox 1 1096 15 1149; x_wconf 76' lang='lat' dir='ltr'>l</span> <span class='ocrx_word' id='word_1_78' title='bbox 83 1120 108 1161; x_wconf 84' lang='lat' dir='ltr'>ro</span> <span class='ocrx_word' id='word_1_79' title='bbox 117 1102 236 1178; x_wconf 90' lang='lat' dir='ltr'>mugitui</span> <span class='ocrx_word' id='word_1_80' title='bbox 249 1118 348 1162; x_wconf 91' lang='lat' dir='ltr'>sonus.</span> <span class='ocrx_word' id='word_1_81' title='bbox 377 1101 483 1162; x_wconf 86' lang='lat' dir='ltr'>Secuta</span> <span class='ocrx_word' id='word_1_82' title='bbox 503 1109 567 1160; x_wconf 89' lang='lat' dir='ltr'>sunt</span> <span class='ocrx_word' id='word_1_83' title='bbox 585 1102 733 1181; x_wconf 88' lang='lat' dir='ltr'>aliquanto</span> <span class='ocrx_word' id='word_1_84' title='bbox 751 1103 958 1164; x_wconf 81' lang='lat' dir='ltr'>manifestiora.</span> <span class='ocrx_word' id='word_1_85' title='bbox 994 1103 1115 1179; x_wconf 85' lang='lat' dir='ltr'>hlonile,</span> 
     </span>
     <span class='ocr_line' id='line_1_12' title="bbox 117 1185 1116 1264; baseline 0 -18"><span class='ocrx_word' id='word_1_86' title='bbox 117 1185 281 1264; x_wconf 77' lang='lat' dir='ltr'>margaritis</span> <span class='ocrx_word' id='word_1_87' title='bbox 292 1187 471 1264; x_wconf 90' lang='lat' dir='ltr'>gemmisque</span> <span class='ocrx_word' id='word_1_88' title='bbox 484 1194 658 1262; x_wconf 88' lang='lat' dir='ltr'>consertum,</span> <span class='ocrx_word' id='word_1_89' title='bbox 666 1186 702 1246; x_wconf 89' lang='lat' dir='ltr'>ad</span> <span class='ocrx_word' id='word_1_90' title='bbox 713 1186 1029 1248; x_wconf 77' lang='lat' dir='ltr'>ornandamFortuuam</span> <span class='ocrx_word' id='word_1_91' title='bbox 1035 1205 1116 1246; x_wconf 90' lang='lat' dir='ltr'>suam</span> 
     </span>
     <span class='ocr_line' id='line_1_13' title="bbox 2 1262 1114 1350; baseline -0.001 -20"><span class='ocrx_word' id='word_1_92' title='bbox 2 1321 3 1336; x_wconf 68' lang='grc'>,</span> <span class='ocrx_word' id='word_1_93' title='bbox 48 1262 53 1268; x_wconf 76' lang='grc'>’</span> <span class='ocrx_word' id='word_1_94' title='bbox 74 1326 79 1333; x_wconf 89' lang='grc'>,</span> <span class='ocrx_word' id='word_1_95' title='bbox 119 1268 311 1330; x_wconf 82' lang='lat' dir='ltr'>Tusculanam</span> <span class='ocrx_word' id='word_1_96' title='bbox 324 1287 363 1330; x_wconf 79' lang='lat' dir='ltr'>ex</span> <span class='ocrx_word' id='word_1_97' title='bbox 375 1270 451 1330; x_wconf 88' lang='lat' dir='ltr'>omni</span> <span class='ocrx_word' id='word_1_98' title='bbox 462 1286 536 1348; x_wconf 87' lang='lat' dir='ltr'>gaza</span> <span class='ocrx_word' id='word_1_99' title='bbox 552 1279 733 1340; x_wconf 82' lang='lat' dir='ltr'>secreverat;</span> <span class='ocrx_word' id='word_1_100' title='bbox 752 1270 781 1330; x_wconf 97' lang='lat' dir='ltr'>id</span> <span class='ocrx_word' id='word_1_101' title='bbox 792 1280 915 1350; x_wconf 88' lang='lat' dir='ltr'>repente</span> <span class='ocrx_word' id='word_1_102' title='bbox 927 1271 1009 1350; x_wconf 84' lang='lat' dir='ltr'>quasi</span> <span class='ocrx_word' id='word_1_103' title='bbox 1025 1288 1114 1348; x_wconf 91' lang='lat' dir='ltr'>augu-</span> 
     </span>
     <span class='ocr_line' id='line_1_14' title="bbox 2 1341 1115 1434; baseline 0.002 -22"><span class='ocrx_word' id='word_1_104' title='bbox 2 1341 4 1366; x_wconf 58' lang='lat'><em>¹</em></span> <span class='ocrx_word' id='word_1_105' title='bbox 119 1355 210 1413; x_wconf 89' lang='lat' dir='ltr'>stiore</span> <span class='ocrx_word' id='word_1_106' title='bbox 225 1352 339 1430; x_wconf 86' lang='lat' dir='ltr'>dignius</span> <span class='ocrx_word' id='word_1_107' title='bbox 350 1353 419 1413; x_wconf 87' lang='lat' dir='ltr'>loeo</span> <span class='ocrx_word' id='word_1_108' title='bbox 436 1351 618 1431; x_wconf 83' lang='lat' dir='ltr'>Capitolinae</span> <span class='ocrx_word' id='word_1_109' title='bbox 630 1355 739 1415; x_wconf 88' lang='lat' dir='ltr'>Veneri</span> <span class='ocrx_word' id='word_1_110' title='bbox 753 1353 911 1430; x_wconf 84' lang='lat' dir='ltr'>dedicavit,</span> <span class='ocrx_word' id='word_1_111' title='bbox 924 1369 968 1414; x_wconf 72' lang='lat' dir='ltr'>&#39;ac</span> <span class='ocrx_word' id='word_1_112' title='bbox 983 1357 1115 1434; x_wconf 85' lang='lat' dir='ltr'>proxima</span> 
     </span>
     <span class='ocr_line' id='line_1_15' title="bbox 119 1435 1114 1517; baseline -0.001 -19"><span class='ocrx_word' id='word_1_113' title='bbox 119 1446 206 1498; x_wconf 89' lang='lat' dir='ltr'>noete</span> <span class='ocrx_word' id='word_1_114' title='bbox 229 1439 383 1498; x_wconf 83' lang='lat' dir='ltr'>somniavit</span> <span class='ocrx_word' id='word_1_115' title='bbox 408 1439 538 1517; x_wconf 90' lang='lat' dir='ltr'>speciem</span> <span class='ocrx_word' id='word_1_116' title='bbox 559 1435 703 1498; x_wconf 86' lang='lat' dir='ltr'>Fortunae</span> <span class='ocrx_word' id='word_1_117' title='bbox 730 1441 877 1516; x_wconf 90' lang='lat' dir='ltr'>querentis</span> <span class='ocrx_word' id='word_1_118' title='bbox 899 1437 1057 1498; x_wconf 85' lang='lat' dir='ltr'>fraudatam</span> <span class='ocrx_word' id='word_1_119' title='bbox 1081 1456 1114 1497; x_wconf 91' lang='lat' dir='ltr'>se</span> 
     </span>
     <span class='ocr_line' id='line_1_16' title="bbox 81 1519 1113 1601; baseline 0.003 -24"><span class='ocrx_word' id='word_1_120' title='bbox 81 1537 108 1578; x_wconf 75' lang='grc' dir='ltr'>ιι</span> <span class='ocrx_word' id='word_1_121' title='bbox 119 1521 198 1582; x_wconf 92' lang='lat' dir='ltr'>dono</span> <span class='ocrx_word' id='word_1_122' title='bbox 211 1520 364 1598; x_wconf 86' lang='lat' dir='ltr'>destinato,</span> <span class='ocrx_word' id='word_1_123' title='bbox 376 1523 567 1600; x_wconf 88' lang='lat' dir='ltr'>minantisque</span> <span class='ocrx_word' id='word_1_124' title='bbox 580 1531 742 1599; x_wconf 87' lang='lat' dir='ltr'>erepturam</span> <span class='ocrx_word' id='word_1_125' title='bbox 752 1531 781 1582; x_wconf 91' lang='lat' dir='ltr'>et</span> <span class='ocrx_word' id='word_1_126' title='bbox 792 1523 884 1601; x_wconf 88' lang='lat' dir='ltr'>ipsam</span> <span class='ocrx_word' id='word_1_127' title='bbox 893 1538 967 1600; x_wconf 89' lang='lat' dir='ltr'>qnae</span> <span class='ocrx_word' id='word_1_128' title='bbox 975 1519 1113 1582; x_wconf 86' lang='lat' dir='ltr'>dedisset.</span> 
     </span>
     <span class='ocr_line' id='line_1_17' title="bbox 120 1603 1113 1685; baseline 0 -21"><span class='ocrx_word' id='word_1_129' title='bbox 120 1603 250 1683; x_wconf 82' lang='lat' dir='ltr'>Cumque</span> <span class='ocrx_word' id='word_1_130' title='bbox 262 1607 416 1665; x_wconf 86' lang='lat' dir='ltr'>exterritus</span> <span class='ocrx_word' id='word_1_131' title='bbox 428 1605 494 1666; x_wconf 90' lang='lat' dir='ltr'>luce</span> <span class='ocrx_word' id='word_1_132' title='bbox 505 1607 596 1684; x_wconf 91' lang='lat' dir='ltr'>prima</span> <span class='ocrx_word' id='word_1_133' title='bbox 609 1605 644 1666; x_wconf 93' lang='lat' dir='ltr'>ad</span> <span class='ocrx_word' id='word_1_134' title='bbox 661 1603 835 1682; x_wconf 82' lang='lat' dir='ltr'>expiandum</span> <span class='ocrx_word' id='word_1_135' title='bbox 853 1607 1011 1682; x_wconf 88' lang='lat' dir='ltr'>somnium,</span> <span class='ocrx_word' id='word_1_136' title='bbox 1029 1623 1113 1685; x_wconf 78' lang='lat' dir='ltr'>prae</span> 
     </span>
     <span class='ocr_line' id='line_1_18' title="bbox 1 1687 1113 1770; baseline -0.001 -21"><span class='ocrx_word' id='word_1_137' title='bbox 1 1733 2 1736; x_wconf 63' lang='lat'>,</span> <span class='ocrx_word' id='word_1_138' title='bbox 117 1691 215 1750; x_wconf 91' lang='lat' dir='ltr'>missis</span> <span class='ocrx_word' id='word_1_139' title='bbox 227 1689 275 1768; x_wconf 92' lang='lat' dir='ltr'>qui</span> <span class='ocrx_word' id='word_1_140' title='bbox 287 1707 348 1748; x_wconf 89' lang='lat' dir='ltr'>rern</span> <span class='ocrx_word' id='word_1_141' title='bbox 367 1688 491 1750; x_wconf 89' lang='lat' dir='ltr'>divinam</span> <span class='ocrx_word' id='word_1_142' title='bbox 509 1698 699 1767; x_wconf 87' lang='lat' dir='ltr'>appararent,</span> <span class='ocrx_word' id='word_1_143' title='bbox 718 1687 872 1770; x_wconf 78' lang='lat' dir='ltr'>Tusculum</span> <span class='ocrx_word' id='word_1_144' title='bbox 890 1691 1113 1766; x_wconf 85' lang='lat' dir='ltr'>excucurrisset,</span> 
     </span>
     <span class='ocr_line' id='line_1_19' title="bbox 117 1771 1115 1852; baseline -0.001 -19"><span class='ocrx_word' id='word_1_145' title='bbox 117 1771 189 1833; x_wconf 89' lang='lat' dir='ltr'>nihil</span> <span class='ocrx_word' id='word_1_146' title='bbox 201 1773 310 1832; x_wconf 87' lang='lat' dir='ltr'>invenit</span> <span class='ocrx_word' id='word_1_147' title='bbox 322 1781 438 1851; x_wconf 90' lang='lat' dir='ltr'>praeter</span> <span class='ocrx_word' id='word_1_148' title='bbox 452 1772 578 1851; x_wconf 88' lang='lat' dir='ltr'>tepidam</span> <span class='ocrx_word' id='word_1_149' title='bbox 591 1773 619 1831; x_wconf 93' lang='lat' dir='ltr'>in</span> <span class='ocrx_word' id='word_1_150' title='bbox 632 1791 681 1832; x_wconf 92' lang='lat' dir='ltr'>ara</span> <span class='ocrx_word' id='word_1_151' title='bbox 692 1772 821 1832; x_wconf 80' lang='lat' dir='ltr'>favillam</span> <span class='ocrx_word' id='word_1_152' title='bbox 841 1782 1018 1852; x_wconf 89' lang='lat' dir='ltr'>atratumque</span> <span class='ocrx_word' id='word_1_153' title='bbox 1035 1775 1115 1832; x_wconf 83' lang='lat' dir='ltr'>iuxta</span> 
     </span>
     <span class='ocr_line' id='line_1_20' title="bbox 3 1856 1113 1930; baseline 0 -14"><span class='ocrx_word' id='word_1_154' title='bbox 3 1927 5 1930; x_wconf 13' lang='lat'>⁸</span> <span class='ocrx_word' id='word_1_155' title='bbox 119 1874 219 1916; x_wconf 86' lang='lat' dir='ltr'>senem</span> <span class='ocrx_word' id='word_1_156' title='bbox 230 1857 259 1916; x_wconf 90' lang='lat' dir='ltr'>in</span> <span class='ocrx_word' id='word_1_157' title='bbox 271 1857 366 1917; x_wconf 87' lang='lat' dir='ltr'>catino</span> <span class='ocrx_word' id='word_1_158' title='bbox 377 1857 471 1916; x_wconf 87' lang='lat' dir='ltr'>vitreo</span> <span class='ocrx_word' id='word_1_159' title='bbox 483 1856 548 1916; x_wconf 89' lang='lat' dir='ltr'>thus</span> <span class='ocrx_word' id='word_1_160' title='bbox 560 1865 705 1916; x_wconf 90' lang='lat' dir='ltr'>tenentem</span> <span class='ocrx_word' id='word_1_161' title='bbox 718 1866 747 1917; x_wconf 91' lang='lat' dir='ltr'>et</span> <span class='ocrx_word' id='word_1_162' title='bbox 758 1857 787 1915; x_wconf 93' lang='lat' dir='ltr'>in</span> <span class='ocrx_word' id='word_1_163' title='bbox 799 1857 892 1918; x_wconf 91' lang='lat' dir='ltr'>calice</span> <span class='ocrx_word' id='word_1_164' title='bbox 902 1857 983 1916; x_wconf 86' lang='lat' dir='ltr'>fictili</span> <span class='ocrx_word' id='word_1_165' title='bbox 995 1875 1113 1916; x_wconf 88' lang='lat' dir='ltr'>merum.</span> 
     </span>
     <span class='ocr_line' id='line_1_21' title="bbox 1 1939 1115 2020; baseline 0.003 -23"><span class='ocrx_word' id='word_1_166' title='bbox 1 1948 9 1981; x_wconf 58' lang='grc' dir='ltr'>ι</span> <span class='ocrx_word' id='word_1_167' title='bbox 78 1958 107 1998; x_wconf 76' lang='lat' dir='ltr'>so</span> <span class='ocrx_word' id='word_1_168' title='bbox 118 1940 310 2002; x_wconf 82' lang='lat' dir='ltr'>Observatum</span> <span class='ocrx_word' id='word_1_169' title='bbox 323 1943 407 2000; x_wconf 91' lang='lat' dir='ltr'>etiam</span> <span class='ocrx_word' id='word_1_170' title='bbox 419 1949 472 2018; x_wconf 86' lang='lat' dir='ltr'>est,</span> <span class='ocrx_word' id='word_1_171' title='bbox 486 1939 533 1999; x_wconf 86' lang='lat' dir='ltr'>lll.</span> <span class='ocrx_word' id='word_1_172' title='bbox 545 1939 604 2000; x_wconf 89' lang='lat' dir='ltr'>lan.</span> <span class='ocrx_word' id='word_1_173' title='bbox 618 1941 790 2001; x_wconf 82' lang='lat' dir='ltr'>sacrificanti</span> <span class='ocrx_word' id='word_1_174' title='bbox 810 1958 947 2001; x_wconf 90' lang='lat' dir='ltr'>coronam</span> <span class='ocrx_word' id='word_1_175' title='bbox 965 1941 1000 2000; x_wconf 88' lang='lat' dir='ltr'>de</span> <span class='ocrx_word' id='word_1_176' title='bbox 1020 1943 1115 2020; x_wconf 90' lang='lat' dir='ltr'>eapite</span> 
     </span>
     <span class='ocr_line' id='line_1_22' title="bbox 55 2023 1115 2104; baseline 0.004 -24"><span class='ocrx_word' id='word_1_177' title='bbox 55 2073 59 2080; x_wconf 93' lang='lat'>.</span> <span class='ocrx_word' id='word_1_178' title='bbox 118 2023 280 2099; x_wconf 76' lang='lat' dir='ltr'>excidisse,</span> <span class='ocrx_word' id='word_1_179' title='bbox 298 2025 458 2104; x_wconf 84' lang='lat' dir='ltr'>auspicanti</span> <span class='ocrx_word' id='word_1_180' title='bbox 477 2024 573 2104; x_wconf 90' lang='lat' dir='ltr'>pullos</span> <span class='ocrx_word' id='word_1_181' title='bbox 590 2024 741 2093; x_wconf 76' lang='lat' dir='ltr'>avolasse3</span> <span class='ocrx_word' id='word_1_182' title='bbox 766 2023 931 2104; x_wconf 89' lang='lat' dir='ltr'>adoptionis</span> <span class='ocrx_word' id='word_1_183' title='bbox 953 2025 1000 2085; x_wconf 89' lang='lat' dir='ltr'>die</span> <span class='ocrx_word' id='word_1_184' title='bbox 1018 2041 1115 2103; x_wconf 78' lang='lat' dir='ltr'>neque</span> 
     </span>
     <span class='ocr_line' id='line_1_23' title="bbox 5 2106 1113 2188; baseline 0 -21"><span class='ocrx_word' id='word_1_185' title='bbox 5 2111 9 2118; x_wconf 85' lang='grc'><strong>’</strong></span> <span class='ocrx_word' id='word_1_186' title='bbox 116 2108 225 2168; x_wconf 90' lang='lat' dir='ltr'>milites</span> <span class='ocrx_word' id='word_1_187' title='bbox 240 2106 411 2169; x_wconf 87' lang='lat' dir='ltr'>adlocuturo</span> <span class='ocrx_word' id='word_1_188' title='bbox 424 2117 603 2168; x_wconf 86' lang='lat' dir='ltr'>castrensem</span> <span class='ocrx_word' id='word_1_189' title='bbox 615 2109 718 2169; x_wconf 88' lang='lat' dir='ltr'>sellam</span> <span class='ocrx_word' id='word_1_190' title='bbox 729 2106 853 2169; x_wconf 88' lang='lat' dir='ltr'>demore</span> <span class='ocrx_word' id='word_1_191' title='bbox 864 2109 988 2188; x_wconf 88' lang='lat' dir='ltr'>positam</span> <span class='ocrx_word' id='word_1_192' title='bbox 1001 2126 1054 2187; x_wconf 93' lang='lat' dir='ltr'>pro</span> <span class='ocrx_word' id='word_1_193' title='bbox 1065 2110 1113 2167; x_wconf 93' lang='lat' dir='ltr'>tri·</span> 
     </span>
     <span class='ocr_line' id='line_1_24' title="bbox 116 2190 1113 2273; baseline 0 -22"><span class='ocrx_word' id='word_1_194' title='bbox 116 2191 226 2270; x_wconf 85' lang='lat' dir='ltr'>huuali,</span> <span class='ocrx_word' id='word_1_195' title='bbox 239 2190 336 2253; x_wconf 89' lang='lat' dir='ltr'>oblitis</span> <span class='ocrx_word' id='word_1_196' title='bbox 347 2193 494 2269; x_wconf 86' lang='lat' dir='ltr'>ministris,</span> <span class='ocrx_word' id='word_1_197' title='bbox 509 2201 538 2253; x_wconf 87' lang='lat' dir='ltr'>et</span> <span class='ocrx_word' id='word_1_198' title='bbox 549 2193 577 2251; x_wconf 91' lang='lat' dir='ltr'>in</span> <span class='ocrx_word' id='word_1_199' title='bbox 591 2201 692 2252; x_wconf 90' lang='lat' dir='ltr'>senatu</span> <span class='ocrx_word' id='word_1_200' title='bbox 713 2192 840 2252; x_wconf 88' lang='lat' dir='ltr'>curulem</span> <span class='ocrx_word' id='word_1_201' title='bbox 861 2211 1002 2273; x_wconf 87' lang='lat' dir='ltr'>perverse</span> <span class='ocrx_word' id='word_1_202' title='bbox 1021 2192 1113 2252; x_wconf 91' lang='lat' dir='ltr'>eollo·</span> 
     </span>
     <span class='ocr_line' id='line_1_25' title="bbox 5 2275 1156 2356; baseline -0.001 -18"><span class='ocrx_word' id='word_1_203' title='bbox 5 2345 6 2349; x_wconf 7' lang='grc' dir='ltr'><strong>Ἰ</strong></span> <span class='ocrx_word' id='word_1_204' title='bbox 118 2284 221 2338; x_wconf 86' lang='lat' dir='ltr'>catam.</span> <span class='ocrx_word' id='word_1_205' title='bbox 253 2275 336 2336; x_wconf 89' lang='lat' dir='ltr'>Prius</span> <span class='ocrx_word' id='word_1_206' title='bbox 349 2294 423 2337; x_wconf 80' lang='lat' dir='ltr'>vero</span> <span class='ocrx_word' id='word_1_207' title='bbox 440 2294 522 2356; x_wconf 91' lang='lat' dir='ltr'>quam</span> <span class='ocrx_word' id='word_1_208' title='bbox 535 2277 719 2338; x_wconf 89' lang='lat' dir='ltr'>occideretur</span> <span class='ocrx_word' id='word_1_209' title='bbox 736 2277 947 2337; x_wconf 83' lang='lat' dir='ltr'>sacrificantem</span> <span class='ocrx_word' id='word_1_210' title='bbox 963 2275 1156 2337; x_wconf 78' lang='lat' dir='ltr'>mancha-19</span> 
     </span>
     <span class='ocr_line' id='line_1_26' title="bbox 75 2357 1111 2440; baseline 0.001 -20"><span class='ocrx_word' id='word_1_211' title='bbox 75 2378 228 2438; x_wconf 81' lang='lat' dir='ltr'>asruspex</span> <span class='ocrx_word' id='word_1_212' title='bbox 242 2357 397 2422; x_wconf 88' lang='lat' dir='ltr'>identidem</span> <span class='ocrx_word' id='word_1_213' title='bbox 408 2361 526 2437; x_wconf 89' lang='lat' dir='ltr'>monuit,</span> <span class='ocrx_word' id='word_1_214' title='bbox 542 2370 660 2422; x_wconf 86' lang='lat' dir='ltr'>caveret</span> <span class='ocrx_word' id='word_1_215' title='bbox 671 2361 846 2440; x_wconf 90' lang='lat' dir='ltr'>periculum,</span> <span class='ocrx_word' id='word_1_216' title='bbox 862 2378 920 2421; x_wconf 94' lang='lat' dir='ltr'>non</span> <span class='ocrx_word' id='word_1_217' title='bbox 936 2360 1026 2438; x_wconf 88' lang='lat' dir='ltr'>longe</span> <span class='ocrx_word' id='word_1_218' title='bbox 1046 2379 1111 2440; x_wconf 90' lang='lat' dir='ltr'>per·</span> 
     </span>
     <span class='ocr_line' id='line_1_27' title="bbox 1 2443 1207 2528; baseline 0.002 -24"><span class='ocrx_word' id='word_1_219' title='bbox 1 2485 3 2496; x_wconf 71' lang='lat'>‚</span> <span class='ocrx_word' id='word_1_220' title='bbox 117 2443 423 2505; x_wconf 81' lang='lat' dir='ltr'>aussoresabesse-</span> <span class='ocrx_word' id='word_1_221' title='bbox 500 2467 501 2470; x_wconf 43' lang='lat'>¹</span> <span class='ocrx_word' id='word_1_222' title='bbox 1198 2492 1207 2528; x_wconf 27' lang='grc' dir='ltr'>,ι</span> 
     </span>
     <span class='ocr_line' id='line_1_28' title="bbox 1 2525 1216 2606; baseline 0.001 -19"><span class='ocrx_word' id='word_1_223' title='bbox 1 2525 2 2530; x_wconf 72' lang='grc'>’</span> <span class='ocrx_word' id='word_1_224' title='bbox 178 2526 260 2588; x_wconf 91' lang='lat' dir='ltr'>llaud</span> <span class='ocrx_word' id='word_1_225' title='bbox 276 2527 366 2588; x_wconf 91' lang='lat' dir='ltr'>multo</span> <span class='ocrx_word' id='word_1_226' title='bbox 383 2536 451 2606; x_wconf 92' lang='lat' dir='ltr'>post</span> <span class='ocrx_word' id='word_1_227' title='bbox 468 2529 624 2606; x_wconf 82' lang='lat' dir='ltr'>cognoscit</span> <span class='ocrx_word' id='word_1_228' title='bbox 641 2528 735 2587; x_wconf 89' lang='lat' dir='ltr'>teneri</span> <span class='ocrx_word' id='word_1_229' title='bbox 756 2536 850 2588; x_wconf 87' lang='lat' dir='ltr'>castra</span> <span class='ocrx_word' id='word_1_230' title='bbox 866 2527 902 2588; x_wconf 88' lang='lat' dir='ltr'>ab</span> <span class='ocrx_word' id='word_1_231' title='bbox 923 2525 1053 2605; x_wconf 89' lang='lat' dir='ltr'>Othone,</span> <span class='ocrx_word' id='word_1_232' title='bbox 1077 2546 1113 2590; x_wconf 91' lang='lat' dir='ltr'>ac</span> <span class='ocrx_word' id='word_1_233' title='bbox 1215 2561 1216 2564; x_wconf 17' lang='grc' dir='ltr'><strong>κ</strong></span> 
     </span>
     <span class='ocr_line' id='line_1_29' title="bbox 1 2610 1112 2692; baseline 0 -21"><span class='ocrx_word' id='word_1_234' title='bbox 1 2654 2 2661; x_wconf 38' lang='lat'>1</span> <span class='ocrx_word' id='word_1_235' title='bbox 35 2615 38 2623; x_wconf 74' lang='grc'>“</span> <span class='ocrx_word' id='word_1_236' title='bbox 115 2611 267 2692; x_wconf 90' lang='lat' dir='ltr'>plerisque</span> <span class='ocrx_word' id='word_1_237' title='bbox 275 2620 305 2672; x_wconf 90' lang='lat' dir='ltr'>ut</span> <span class='ocrx_word' id='word_1_238' title='bbox 313 2611 414 2672; x_wconf 89' lang='lat' dir='ltr'>eodem</span> <span class='ocrx_word' id='word_1_239' title='bbox 423 2630 507 2692; x_wconf 89' lang='lat' dir='ltr'>quarn</span> <span class='ocrx_word' id='word_1_240' title='bbox 518 2613 639 2690; x_wconf 89' lang='lat' dir='ltr'>primum</span> <span class='ocrx_word' id='word_1_241' title='bbox 651 2610 991 2690; x_wconf 88' lang='lat' dir='ltr'>pergeretsuadentihus,</span> <span class='ocrx_word' id='word_1_242' title='bbox 1004 2613 1112 2692; x_wconf 88' lang='lat' dir='ltr'>(posse</span> 
     </span>
     <span class='ocr_line' id='line_1_30' title="bbox 1 2694 1112 2775; baseline 0 -19"><span class='ocrx_word' id='word_1_243' title='bbox 1 2699 2 2705; x_wconf 77' lang='grc'>’</span> <span class='ocrx_word' id='word_1_244' title='bbox 117 2697 195 2756; x_wconf 90' lang='lat' dir='ltr'>euim</span> <span class='ocrx_word' id='word_1_245' title='bbox 207 2697 377 2757; x_wconf 88' lang='lat' dir='ltr'>auctoritate</span> <span class='ocrx_word' id='word_1_246' title='bbox 391 2704 421 2755; x_wconf 91' lang='lat' dir='ltr'>et</span> <span class='ocrx_word' id='word_1_247' title='bbox 434 2697 599 2774; x_wconf 88' lang='lat' dir='ltr'>praeseutia</span> <span class='ocrx_word' id='word_1_248' title='bbox 612 2694 799 2774; x_wconf 88' lang='lat' dir='ltr'>praevalere)</span> <span class='ocrx_word' id='word_1_249' title='bbox 811 2694 882 2755; x_wconf 92' lang='lat' dir='ltr'>nihil</span> <span class='ocrx_word' id='word_1_250' title='bbox 893 2695 1015 2774; x_wconf 90' lang='lat' dir='ltr'>amplius</span> <span class='ocrx_word' id='word_1_251' title='bbox 1028 2713 1112 2775; x_wconf 89' lang='lat' dir='ltr'>quam</span> 
     </span>
     <span class='ocr_line' id='line_1_31' title="bbox 1 2778 1111 2860; baseline -0.005 -16"><span class='ocrx_word' id='word_1_252' title='bbox 1 2787 3 2844; x_wconf 82' lang='lat' dir='ltr'>l</span> <span class='ocrx_word' id='word_1_253' title='bbox 75 2795 106 2837; x_wconf 82' lang='lat' dir='ltr'>ao</span> <span class='ocrx_word' id='word_1_254' title='bbox 118 2781 269 2840; x_wconf 87' lang='lat' dir='ltr'>continere</span> <span class='ocrx_word' id='word_1_255' title='bbox 281 2798 314 2840; x_wconf 91' lang='lat' dir='ltr'>se</span> <span class='ocrx_word' id='word_1_256' title='bbox 331 2780 428 2839; x_wconf 89' lang='lat' dir='ltr'>statuit</span> <span class='ocrx_word' id='word_1_257' title='bbox 447 2788 476 2840; x_wconf 91' lang='lat' dir='ltr'>et</span> <span class='ocrx_word' id='word_1_258' title='bbox 496 2779 722 2857; x_wconf 82' lang='lat' dir='ltr'>legionariorum</span> <span class='ocrx_word' id='word_1_259' title='bbox 745 2778 858 2838; x_wconf 86' lang='lat' dir='ltr'>firmare</span> <span class='ocrx_word' id='word_1_260' title='bbox 876 2779 1045 2858; x_wconf 85' lang='lat' dir='ltr'>praesidiis,</span> <span class='ocrx_word' id='word_1_261' title='bbox 1064 2779 1111 2860; x_wconf 93' lang='lat' dir='ltr'>qui</span> 
     </span>
     <span class='ocr_line' id='line_1_32' title="bbox 1 2859 1111 2940; baseline -0.002 -16"><span class='ocrx_word' id='word_1_262' title='bbox 1 2859 2 2936; x_wconf 69' lang='lat' dir='ltr'>J</span> <span class='ocrx_word' id='word_1_263' title='bbox 114 2862 300 2924; x_wconf 80' lang='lat' dir='ltr'>multifariam</span> <span class='ocrx_word' id='word_1_264' title='bbox 312 2863 487 2940; x_wconf 85' lang='lat' dir='ltr'>diverseque</span> <span class='ocrx_word' id='word_1_265' title='bbox 501 2862 666 2923; x_wconf 90' lang='lat' dir='ltr'>tendebant.</span> <span class='ocrx_word' id='word_1_266' title='bbox 694 2861 825 2922; x_wconf 89' lang='lat' dir='ltr'>Loricam</span> <span class='ocrx_word' id='word_1_267' title='bbox 842 2871 938 2922; x_wconf 88' lang='lat' dir='ltr'>tamen</span> <span class='ocrx_word' id='word_1_268' title='bbox 953 2863 1043 2925; x_wconf 90' lang='lat' dir='ltr'>induit</span> <span class='ocrx_word' id='word_1_269' title='bbox 1060 2864 1111 2923; x_wconf 93' lang='lat' dir='ltr'>lin-</span> 
     </span>
     <span class='ocr_line' id='line_1_33' title="bbox 1 2946 1112 3030; baseline -0.001 -21"><span class='ocrx_word' id='word_1_270' title='bbox 1 3017 2 3030; x_wconf 44' lang='lat'>,</span> <span class='ocrx_word' id='word_1_271' title='bbox 114 2958 206 3025; x_wconf 85' lang='lat' dir='ltr'>team,</span> <span class='ocrx_word' id='word_1_272' title='bbox 219 2964 388 3026; x_wconf 89' lang='lat' dir='ltr'>quamquam</span> <span class='ocrx_word' id='word_1_273' title='bbox 399 2946 475 3007; x_wconf 89' lang='lat' dir='ltr'>haud</span> <span class='ocrx_word' id='word_1_274' title='bbox 488 2946 671 3008; x_wconf 89' lang='lat' dir='ltr'>dissimulans</span> <span class='ocrx_word' id='word_1_275' title='bbox 683 2963 783 3025; x_wconf 92' lang='lat' dir='ltr'>parum</span> <span class='ocrx_word' id='word_1_276' title='bbox 794 2946 934 3007; x_wconf 86' lang='lat' dir='ltr'>adversus</span> <span class='ocrx_word' id='word_1_277' title='bbox 944 2955 989 3008; x_wconf 88' lang='lat' dir='ltr'>tot</span> <span class='ocrx_word' id='word_1_278' title='bbox 999 2965 1112 3009; x_wconf 92' lang='lat' dir='ltr'>mucro·</span> 
     </span>
     <span class='ocr_line' id='line_1_34' title="bbox 1 3025 1111 3111; baseline -0.002 -19"><span class='ocrx_word' id='word_1_279' title='bbox 1 3095 2 3102; x_wconf 43' lang='lat'>,</span> <span class='ocrx_word' id='word_1_280' title='bbox 115 3025 172 3092; x_wconf 89' lang='lat' dir='ltr'>nes</span> <span class='ocrx_word' id='word_1_281' title='bbox 184 3033 371 3111; x_wconf 85' lang='lat' dir='ltr'>profuturam.</span> <span class='ocrx_word' id='word_1_282' title='bbox 410 3030 469 3091; x_wconf 91' lang='lat' dir='ltr'>Sed</span> <span class='ocrx_word' id='word_1_283' title='bbox 485 3038 631 3092; x_wconf 82' lang='lat' dir='ltr'>extractus</span> <span class='ocrx_word' id='word_1_284' title='bbox 645 3029 809 3090; x_wconf 85' lang='lat' dir='ltr'>rumoribus</span> <span class='ocrx_word' id='word_1_285' title='bbox 828 3031 928 3108; x_wconf 86' lang='lat' dir='ltr'>falsis,</span> <span class='ocrx_word' id='word_1_286' title='bbox 950 3049 1025 3111; x_wconf 91' lang='lat' dir='ltr'>quos</span> <span class='ocrx_word' id='word_1_287' title='bbox 1043 3049 1111 3092; x_wconf 87' lang='lat' dir='ltr'>eon·</span> 
     </span>
     <span class='ocr_line' id='line_1_35' title="bbox 116 3114 1111 3196; baseline -0.002 -20"><span class='ocrx_word' id='word_1_288' title='bbox 116 3118 231 3194; x_wconf 87' lang='lat' dir='ltr'>spirati,</span> <span class='ocrx_word' id='word_1_289' title='bbox 243 3126 273 3176; x_wconf 91' lang='lat' dir='ltr'>ut</span> <span class='ocrx_word' id='word_1_290' title='bbox 283 3135 346 3176; x_wconf 91' lang='lat' dir='ltr'>eum</span> <span class='ocrx_word' id='word_1_291' title='bbox 355 3116 384 3175; x_wconf 93' lang='lat' dir='ltr'>in</span> <span class='ocrx_word' id='word_1_292' title='bbox 396 3115 542 3194; x_wconf 88' lang='lat' dir='ltr'>publicum</span> <span class='ocrx_word' id='word_1_293' title='bbox 554 3116 709 3191; x_wconf 88' lang='lat' dir='ltr'>elicerent,</span> <span class='ocrx_word' id='word_1_294' title='bbox 726 3114 762 3194; x_wconf 84' lang='lat' dir='ltr'>de</span> <span class='ocrx_word' id='word_1_295' title='bbox 774 3115 912 3176; x_wconf 89' lang='lat' dir='ltr'>industria</span> <span class='ocrx_word' id='word_1_296' title='bbox 925 3115 1111 3196; x_wconf 88' lang='lat' dir='ltr'>dissiparant,</span> 
     </span>
     <span class='ocr_line' id='line_1_36' title="bbox 1 3199 1111 3282; baseline 0.002 -27"><span class='ocrx_word' id='word_1_297' title='bbox 1 3238 4 3255; x_wconf 38' lang='lat'>1</span> <span class='ocrx_word' id='word_1_298' title='bbox 34 3239 40 3248; x_wconf 87' lang='lat'><em>.</em></span> <span class='ocrx_word' id='word_1_299' title='bbox 72 3227 104 3269; x_wconf 74' lang='lat'>35</span> <span class='ocrx_word' id='word_1_300' title='bbox 117 3202 222 3282; x_wconf 89' lang='lat' dir='ltr'>paucis</span> <span class='ocrx_word' id='word_1_301' title='bbox 233 3209 343 3262; x_wconf 87' lang='lat' dir='ltr'>temere</span> <span class='ocrx_word' id='word_1_302' title='bbox 355 3199 561 3261; x_wconf 85' lang='lat' dir='ltr'>affirmantibus</span> <span class='ocrx_word' id='word_1_303' title='bbox 575 3207 750 3261; x_wconf 87' lang='lat' dir='ltr'>transactum</span> <span class='ocrx_word' id='word_1_304' title='bbox 761 3200 925 3277; x_wconf 88' lang='lat' dir='ltr'>negotium,</span> <span class='ocrx_word' id='word_1_305' title='bbox 938 3214 1111 3279; x_wconf 86' lang='lat' dir='ltr'>oppressos,</span> 
     </span>
     <span class='ocr_line' id='line_1_37' title="bbox 117 3282 1112 3365; baseline -0.004 -20"><span class='ocrx_word' id='word_1_306' title='bbox 117 3287 168 3365; x_wconf 92' lang='lat' dir='ltr'>qui</span> <span class='ocrx_word' id='word_1_307' title='bbox 180 3285 427 3362; x_wconf 88' lang='lat' dir='ltr'>tumultuarentur,</span> <span class='ocrx_word' id='word_1_308' title='bbox 440 3283 577 3346; x_wconf 84' lang='lat' dir='ltr'>advenire</span> <span class='ocrx_word' id='word_1_309' title='bbox 589 3285 750 3364; x_wconf 86' lang='lat' dir='ltr'>frequentis</span> <span class='ocrx_word' id='word_1_310' title='bbox 758 3292 875 3344; x_wconf 89' lang='lat' dir='ltr'>ceteros</span> <span class='ocrx_word' id='word_1_311' title='bbox 884 3282 1112 3361; x_wconf 87' lang='lat' dir='ltr'>gratulabundos</span> 
     </span>
     <span class='ocr_line' id='line_1_38' title="bbox 1 3367 1112 3454; baseline -0.003 -24"><span class='ocrx_word' id='word_1_312' title='bbox 1 3367 2 3454; x_wconf 57' lang='lat' dir='ltr'>J</span> <span class='ocrx_word' id='word_1_313' title='bbox 115 3377 149 3430; x_wconf 86' lang='lat' dir='ltr'>et</span> <span class='ocrx_word' id='word_1_314' title='bbox 160 3370 188 3428; x_wconf 94' lang='lat' dir='ltr'>iu</span> <span class='ocrx_word' id='word_1_315' title='bbox 204 3387 288 3430; x_wconf 88' lang='lat' dir='ltr'>omne</span> <span class='ocrx_word' id='word_1_316' title='bbox 301 3369 469 3448; x_wconf 87' lang='lat' dir='ltr'>obsequium</span> <span class='ocrx_word' id='word_1_317' title='bbox 482 3377 614 3449; x_wconf 90' lang='lat' dir='ltr'>paratos;</span> <span class='ocrx_word' id='word_1_318' title='bbox 629 3371 665 3430; x_wconf 90' lang='lat' dir='ltr'>iis</span> <span class='ocrx_word' id='word_1_319' title='bbox 676 3376 706 3428; x_wconf 90' lang='lat' dir='ltr'>ut</span> <span class='ocrx_word' id='word_1_320' title='bbox 718 3376 888 3428; x_wconf 88' lang='lat' dir='ltr'>occurreret</span> <span class='ocrx_word' id='word_1_321' title='bbox 900 3367 1021 3446; x_wconf 90' lang='lat' dir='ltr'>prodiit,</span> <span class='ocrx_word' id='word_1_322' title='bbox 1034 3374 1112 3427; x_wconf 89' lang='lat' dir='ltr'>tauta</span> 
     </span>
     <span class='ocr_line' id='line_1_39' title="bbox 1 3447 1111 3530; baseline -0.002 -16"><span class='ocrx_word' id='word_1_323' title='bbox 1 3456 2 3480; x_wconf 81' lang='lat'>³</span> <span class='ocrx_word' id='word_1_324' title='bbox 116 3454 224 3515; x_wconf 79' lang='lat' dir='ltr'>fiducia</span> <span class='ocrx_word' id='word_1_325' title='bbox 236 3463 266 3514; x_wconf 91' lang='lat' dir='ltr'>ut</span> <span class='ocrx_word' id='word_1_326' title='bbox 280 3453 362 3514; x_wconf 86' lang='lat' dir='ltr'>militi</span> <span class='ocrx_word' id='word_1_327' title='bbox 376 3452 486 3514; x_wconf 89' lang='lat' dir='ltr'>cuidam</span> <span class='ocrx_word' id='word_1_328' title='bbox 504 3455 633 3514; x_wconf 90' lang='lat' dir='ltr'>occisum</span> <span class='ocrx_word' id='word_1_329' title='bbox 648 3473 665 3516; x_wconf 92' lang='lat' dir='ltr'>a</span> <span class='ocrx_word' id='word_1_330' title='bbox 683 3470 716 3514; x_wconf 90' lang='lat' dir='ltr'>se</span> <span class='ocrx_word' id='word_1_331' title='bbox 735 3449 877 3513; x_wconf 86' lang='lat' dir='ltr'>Othonem</span> <span class='ocrx_word' id='word_1_332' title='bbox 894 3452 1030 3530; x_wconf 85' lang='lat' dir='ltr'>glorianti</span> <span class='ocrx_word' id='word_1_333' title='bbox 1043 3447 1111 3526; x_wconf 82' lang='lat' dir='ltr'>Quo</span> 
     </span>
    </p>
   </div>
   <div class='ocr_carea' id='block_1_3' title="bbox 0 0 1224 3872">
    <p class='ocr_par' dir='ltr' id='par_1_3' title="bbox 0 0 1224 3872">
     <span class='ocr_line' id='line_1_40' title="bbox 0 0 1224 3872; baseline 0 0"><span class='ocrx_word' id='word_1_334' title='bbox 0 0 1224 3872; x_wconf 95' lang='lat' dir='ltr'> </span> 
     </span>
    </p>
   </div>
  </div>
 </body>
</html>
