2438 3872
143 125 210 186 210
232 137 262 185 c.
280 137 430 186 suarem
445 137 573 198 annno.
590 138 638 185 na
653 138 735 184 usna
752 135 936 185 cassanum
952 136 1020 182 usa.
1034 135 1098 182 un.
1210 137 1212 180 ι

118 319 139 373 2
213 287 288 353 Otbo
301 295 461 372 imperator
472 292 537 352 llll.
556 291 681 353 Klitai.
698 301 782 352 natus
796 299 842 352 est
856 289 978 352 camillo
996 289 1147 366 Arruntio,

148 378 274 438 Domitio
287 375 466 436 Aenobarbo
480 395 561 438 cons.
585 377 613 436 A
631 379 721 455 prima
739 376 936 436 adulescentia
949 374 1096 452 'prodigus
1112 390 1147 432 ac

149 479 273 541 procax,
293 461 367 521 adeo
382 470 413 520 ut
428 477 520 540 saepe
532 459 632 538 flagris
642 459 847 538 obiurgaretur
858 477 874 518 a
885 467 982 538 patre,
998 457 1147 519 ferebatur

148 556 180 607 et
193 547 295 623 vagari
307 545 441 605 noctibus
452 545 567 622 solitus,
580 555 666 623 atque
678 545 832 613 invalidum
844 542 1146 622 quemque'obviorum

150 629 198 690 vel
211 629 391 708 potulentum
405 631 556 709 corripere
565 647 603 688 ao
615 629 740 689 distento
752 643 826 706 sago
838 627 1002 705 impositum
1016 629 1045 686 iu
1058 624 1146 685 subli-
1160 644 1173 684 5

149 727 197 774 me
208 716 327 774 iactare.
349 713 420 774 Post
430 716 520 794 patris
533 712 637 773 deinde
648 717 769 774 mortem
779 711 941 772 libertinam
953 710 1073 772 aulicam
1080 728 1145 787 gra·

151 801 266 875 tiosam,
279 815 337 876 quo
350 797 501 859 efficacius
517 797 643 874 coleret,
661 799 748 857 etiam
761 796 885 874 diligere
896 794 1040 856 simulavit
1051 811 1146 872 quam·

152 885 198 942 uis
209 901 290 942 anum
309 899 344 942 ao
363 897 456 962 paene
472 881 664 959 decrepitam
686 900 740 962 per
758 880 834 942 banc
851 880 1010 940 insinuatos
1025 877 1147 953 Neroni,

153 966 241 1026 iacile
254 983 389 1026 summum
400 969 476 1026 inter
491 968 600 1026 amicos
612 966 708 1026 locum
722 967 813 1026 tenuit
828 966 1019 1041 congruentia
1029 979 1147 1038 morum,

100 1075 105 1088 ·
151 1060 180 1111 ut
191 1068 263 1109 vero
276 1049 389 1127 quidam
403 1051 524 1125 tradunt,
537 1059 566 1110 et
579 1049 787 1111 cousuetudine
800 1049 887 1108 mutui
900 1049 1002 1126 stupri.
1026 1046 1073 1107 Ac
1087 1055 1147 1106 tan·
1157 1061 1183 1102 so

150 1143 208 1194 tum
221 1136 350 1211 potentia
361 1133 460 1210 valuit,
472 1143 503 1192 ut
512 1133 671 1194 damnatum
678 1131 846 1214 repetundis
855 1131 1147 1207 consularemrirum,

150 1221 254 1295 ingens
267 1219 424 1295 praemium
435 1227 547 1296 pactus,
561 1220 732 1295 priusquam
741 1216 827 1297 plane
837 1217 1049 1276 restitutionem
1058 1216 1085 1273 ei
1097 1215 1148 1300 im-

153 1308 298 1380 petrasset
309 1318 367 1359 non
380 1301 524 1360 dubitaret
536 1303 565 1360 in
582 1311 712 1361 senatum
729 1299 765 1360 ad
783 1299 912 1378 agendas
931 1301 1041 1378 gratias
1058 1300 1149 1358 intro-

7 1437 9 1450 .
122 1384 270 1458 educere.
299 1382 428 1443 Omnium
441 1392 535 1444 autem
548 1384 1149 1463 consiliorumsecretorumqueparticeps,

152 1469 210 1545 die,
223 1486 307 1546 quem
318 1466 467 1528 necandae
478 1469 560 1528 matri
571 1468 652 1529 Nero
665 1467 840 1544 destinarat,
858 1466 896 1527 ad
909 1466 1085 1528 avertendas
1103 1485 1149 1526 su·
1159 1487 1186 1528 rs

104 1569 125 1614 e
151 1553 301 1632 spicioues
316 1569 433 1630 caenam
445 1553 561 1630 utrique
572 1555 814 1632 exquisitissimae
822 1553 964 1614 comitatis
971 1550 1063 1620 dedit;
1076 1553 1147 1610 item
1211 1565 1212 1580 ³

150 1611 464 1716 Poppaeamd'abinam
476 1645 544 1695 tunc
556 1636 649 1696 adbuc
661 1639 781 1698 amicam
793 1638 866 1713 eius,
879 1629 1030 1696 abductam
1041 1637 1146 1694 marito

151 1721 407 1798 demandatamque
426 1723 539 1780 interim
554 1720 624 1796 sibi,
642 1723 804 1801 nuptiarum
822 1722 923 1800 speeie
940 1721 1069 1798 recepit,
1091 1737 1149 1778 nee

152 1806 320 1884 corrupisse
334 1815 495 1880 contentus,
510 1803 583 1864 adeo
596 1803 697 1866 dilexit
707 1815 738 1864 ut
748 1822 786 1864 ne
797 1805 916 1864 riualem
926 1803 1042 1884 quidem
1052 1803 1148 1864 Nero-

149 1907 215 1949 nem
226 1905 322 1968 aequo
334 1889 432 1948 tulerit
443 1891 547 1948 animo.
581 1887 715 1950 Creditur
727 1897 807 1948 certe
820 1907 877 1950 nou
888 1887 975 1950 modo
993 1891 1101 1948 missos
1114 1887 1152 1948 ad
1159 1907 1185 1948 ro

151 1973 357 2034 arcessendam
368 1989 425 2032 nou
439 1975 603 2052 recepisse,
615 1973 768 2052 sedipsum
781 1975 866 2032 etiam
877 1973 1041 2034 exclusisse
1057 1989 1152 2052 quou-

152 2057 216 2116 dam
228 2074 282 2136 pro
295 2055 406 2116 foribus
418 2065 558 2117 astantem
567 2059 793 2136 miscentemque
804 2056 911 2118 irrrstra
926 2059 1018 2117 minas
1036 2065 1066 2116 et
1083 2073 1151 2135 pre-

153 2157 204 2200 ces
221 2159 257 2201 ac
275 2140 439 2219 depositum
456 2151 671 2220 reposcentem.
707 2140 804 2216 Quare
821 2139 938 2201 diducto
955 2141 1151 2218 matrimonio,

152 2225 301 2302 sepositus
314 2232 359 2283 est
370 2242 424 2302 per
436 2241 551 2284 eausam
561 2225 719 2303 legationis
731 2227 760 2284 iu
772 2223 955 2286 Lusitaniam.
977 2223 1010 2284 Id
1023 2227 1096 2284 satis
1107 2227 1151 2284 vi·

151 2325 271 2386 suraque
290 2310 500 2385 poeua'acrior
518 2310 631 2368 mimum
652 2326 765 2370 omnem
779 2308 960 2386 divulgaret,
983 2310 1032 2387 qui
1054 2317 1187 2370 tamense

152 2395 195 2453 sic
208 2407 324 2471 quoque
336 2389 394 2450 hoc
406 2391 531 2451 disticho
547 2395 671 2454 enotuit:

263 2475 327 2536 Gur
342 2471 421 2537 Otbo
435 2477 558 2538 mentito
573 2479 622 2553 sit,
640 2477 800 2556 queaeritis,
816 2477 890 2538 aaut
902 2476 1041 2538 bonore?

342 2558 459 2621 Ucoris
470 2560 615 2622 moechus
629 2568 776 2639 coeperat
790 2578 858 2620 esce
871 2577 958 2621 sorae.

104 2643 153 2706 ἓ,
208 2644 1152 2724 Provinciamadministravitquaestorinsperdecemauuos,mo·

123 2727 302 2792 aderatione
318 2737 404 2807 atque
417 2729 589 2790 abstinentia
605 2727 754 2807 singulari.
771 2729 810 2790 Ut
823 2729 937 2790 taudem
950 2729 1069 2788 occasio
1086 2729 1152 2789 uiti·
1162 2746 1187 2790 oo

152 2812 216 2870 onis
226 2811 290 2892 data
300 2821 354 2890 est,
364 2813 515 2874 conatibus
525 2812 634 2874 Galbae
643 2815 899 2891 primusaocessit';
913 2812 1076 2892 eodemque
1087 2831 1152 2873 mo·

152 2903 249 2954 rnento
261 2899 366 2974 etipse
378 2916 460 2978 spem
472 2899 585 2976 imperii
602 2898 682 2976 oepit
698 2914 831 2974 magnam
843 2897 958 2974 quidem
977 2905 1007 2956 et
1023 2915 1062 2956 ex
1080 2916 1152 2958 cou-

152 2979 260 3038 ditione
276 2988 446 3060 temporum,
459 2980 512 3042 sed
526 2981 673 3061 aliquanto
690 2983 827 3042 maiorem
839 3000 877 3042 ex
893 2981 1085 3044 affirmatione
1097 2983 1151 3042 Se-

151 3061 229 3122 leuci
242 3063 443 3125 mathematici.
466 3065 520 3140 Qui
536 3083 600 3127 eum
613 3084 677 3127 eum
686 3066 755 3127 olim
767 3067 951 3144 superstitem
962 3063 1073 3125 Neroni
1084 3066 1151 3126 iore
1211 3121 1212 3126 ,

152 3145 370 3226 spopondisset,
385 3159 454 3210 tunc
470 3150 545 3210 ulmo
563 3151 727 3228 inopinatus
746 3150 919 3228 advenerat,
942 3152 1186 3229 imperatorumue

151 3247 268 3310 quoque
279 3229 361 3291 brevi
375 3235 590 3312 repromittens.
615 3233 704 3294 Nullo
717 3233 803 3311 igitur
816 3235 906 3295 oflicii
921 3243 969 3296 aut
985 3234 1152 3294 ambitionis

112 3328 126 3371 ι
150 3315 180 3373 in
194 3331 364 3392 quemquam
375 3333 486 3393 genere
502 3319 627 3395 omisso,
645 3321 780 3395 quotiens
791 3337 881 3403 pagna
893 3320 1057 3400 principem
1070 3321 1150 3386 acci,-

151 3406 253 3474 peret,
270 3415 374 3478 aureos
388 3399 542 3460 excubanti
559 3400 674 3460 cohorti
688 3403 792 3461 viritim
804 3395 967 3483 dividebat,
986 3420 1043 3463 nec
1054 3407 1150 3464 minus
