2444 3872
449 203 749 254 orvuscnnnnrus.
1039 198 1099 260 159

1 423 17 438 Ι,
94 357 193 438 ditque
219 356 381 437 paludatus.
415 358 490 434 Quin
513 369 543 420 ct
570 362 726 422 emissurus
748 361 887 422 Fucinum
914 363 1008 424 lacum
1028 384 1098 426 nau·

0 505 1 510 ,
91 442 234 504 machiam
252 451 317 502 ante
334 443 485 502 commisit.
505 443 564 504 Sed
579 462 643 504 cum
655 445 901 524 proclamantibus
916 448 1098 510 naumachia·

90 530 160 588 riis:
190 525 281 588 Hace
292 527 478 604 imperator,
495 529 640 589 morituri
653 535 682 589 te
695 530 852 594 semlant!
873 532 1097 612 respondisset:

91 609 157 674 Aul
170 613 250 672 non!
263 628 358 689 neque
374 610 530 690 posthanc
546 629 651 672 vocem
667 617 749 693 quasi
766 616 848 676 venia
863 615 933 689 data¹
944 618 1098 696 quisquam

66 697 230 758 sdimicare
246 695 353 772 vellet,
379 694 426 756 diu
448 705 597 756 cunctatus
615 715 650 756 an
666 700 758 758 omnis
776 700 837 776 igni
852 700 991 779 ferroque
1012 701 1096 762 absu-

90 789 203 856 meret,
219 779 333 840 tandem
348 797 365 840 c
380 779 450 840 sede
466 799 517 840 sua
532 781 669 860 prosiluit
682 800 717 842 ac
730 799 784 861 per
794 783 928 844 ambitum
941 785 1022 846 lacus
1037 802 1097 845 non

92 867 156 926 sine
177 863 266 926 foeda
290 863 476 924 vacillatione
500 864 682 942 discurrens,
712 867 815 947 partim
836 867 970 929 minando
992 872 1096 948 partim

92 948 273 1012 adhortando
290 947 326 1008 ad
342 965 468 1027 pugnam
485 948 633 1029 compulit.
660 950 725 1010 lloc
742 952 913 1031 spectaculo
933 953 1035 1014 classis
1052 955 1095 1014 Si·

92 1034 158 1095 cnla
171 1042 200 1092 et
210 1031 324 1094 Rhodia
338 1042 562 1111 concurrerunt,
575 1033 769 1096 duodenarum
782 1037 938 1098 triremium
951 1038 1094 1116 singulae,

52 1139 80 1180 ro
93 1119 230 1178 exciente
256 1117 361 1178 bucina
382 1115 501 1178 Tritone
527 1127 686 1198 argenteo,
714 1121 761 1200 qui
786 1139 802 1179 e
827 1118 923 1182 medio
950 1120 1016 1181 lacn
1041 1139 1095 1200 per

89 1201 251 1263 machinam
266 1209 435 1262 emerserat.

1 1343 2 1351 ,
156 1285 302 1362 Quaedam
319 1287 397 1346 circa
414 1286 604 1348 caerimonias
621 1287 793 1367 civilemque
816 1296 845 1347 et
864 1287 1016 1350 militarem
1031 1305 1091 1348 mo·
1102 1299 1138 1352 tt

1 1399 2 1432 n
89 1389 169 1448 rem,
196 1371 265 1432 item
287 1371 365 1430 circa
390 1372 513 1430 omnium
534 1370 663 1430 ordinum
683 1380 785 1432 statum
801 1371 877 1432 domi
896 1371 1029 1450 iurisque
1045 1381 1093 1434 ant

90 1456 236 1530 correxit,
257 1463 305 1514 ant
325 1453 441 1514 exoleta
462 1457 630 1531 revocavit,
653 1464 700 1515 aut
716 1457 801 1516 etiam
815 1474 894 1517 nova
909 1457 1038 1516 instituit.
1061 1455 1094 1516 ln

49 1559 78 1600 rs
91 1538 266 1618 cooptandis
289 1555 343 1617 per
370 1537 498 1616 collegia
521 1537 722 1598 sacerdotibus
747 1542 889 1602 neminem
909 1540 962 1600 nisi
985 1540 1094 1602 iuratus

89 1624 263 1692 nominarim
280 1621 506 1701 observavitque
522 1621 641 1698 sedulo,
668 1631 699 1682 ut
718 1623 853 1702 quotiens
875 1631 952 1683 terra
975 1625 1004 1682 in
1020 1623 1092 1684 urbe

1 1707 2 1784 ἦ
87 1709 246 1782 movisset,
270 1706 360 1768 ferias
376 1706 518 1767 aduocata
534 1707 670 1768 contione
687 1717 805 1786 praetor
821 1706 980 1783 indiceret,
1003 1717 1092 1786 utque

88 1791 153 1852 dira
167 1808 221 1852 ave
236 1791 265 1849 in
280 1788 426 1869 Capitolio
442 1791 504 1851 visa
521 1789 688 1851 obsecratio
704 1789 874 1868 haberetur,
890 1807 1011 1869 eamque
1026 1793 1093 1870 ipso

1 1943 3 1958 ι
86 1878 153 1936 iure
166 1875 280 1936 maximi
292 1875 438 1954 pontilicis
449 1893 504 1954 pro
516 1877 618 1935 rostris
631 1875 741 1955 populo
753 1877 881 1954 praeiret
893 1884 1092 1955 summotaque

47 1980 78 2021 oo
92 1959 294 2040 operariorum
315 1975 523 2038 servorumque
540 1959 632 2019 turba.

153 2043 261 2104 Rerum
273 2051 381 2120 actum,
393 2043 515 2104 diuisum
527 2052 610 2104 antea
625 2044 654 2102 in
667 2041 806 2102 hibernos
817 2044 1003 2122 aestiuosque
1015 2062 1092 2103 men·
1100 2053 1136 2108 23

6 2203 8 2206 v
88 2146 158 2204 ses,
173 2128 329 2196 coniunxit.
356 2127 430 2188 luris
453 2127 607 2188 dictionem
622 2126 659 2186 de
676 2126 743 2188 ndei
759 2127 935 2204 commissis,
958 2137 1029 2205 quot
1044 2145 1091 2190 an·

1 2287 2 2290 Ἴ
87 2215 135 2272 nis
152 2220 181 2272 et
197 2217 303 2271 tantum
317 2212 346 2271 in
361 2210 433 2272 urbe
451 2209 581 2289 delegari
597 2210 813 2289 magistratibus
829 2210 959 2288 solitam,
981 2213 1010 2270 in
1026 2228 1091 2290 per·

1 2295 2 2318 l
88 2305 207 2376 petuum
221 2304 307 2374 atque
329 2297 413 2357 etiam
435 2313 489 2374 per
507 2296 673 2374 provincias
689 2291 882 2374 potestatibus
900 2295 1091 2356 demandavit.

45 2395 76 2436 aa
89 2378 187 2458 Capiti
201 2378 308 2458 Papiae
323 2378 481 2460 Poppaeae
497 2379 573 2456 legis
589 2377 735 2440 a'l'iberio
749 2376 891 2455 Caesare,
911 2381 992 2458 quasi
1007 2397 1090 2440 sena·

86 2464 202 2543 genarii
223 2481 369 2541 generare
389 2481 447 2524 non
462 2473 598 2544 possent,
627 2463 724 2523 addito
744 2462 909 2540 obrogauit.
945 2462 1047 2522 Sanxit
1062 2470 1092 2521 ut

1 2593 8 2610 ,.
87 2547 208 2629 pupillis
224 2556 307 2608 extra
323 2547 453 2608 ordinem
468 2557 580 2608 tutores
596 2567 613 2608 a
637 2545 805 2608 consulibus
830 2545 983 2622 darentur,
1002 2554 1090 2624 utque
1113 2563 1115 2568 ·

86 2631 255 2725 wihus
277 2631 525 2710 amagistratibus
542 2632 711 2711 provinciae
732 2629 989 2707 interdicerentur,
1017 2628 1090 2689 urbe
1151 2687 1156 2694 ,

1 2740 2 2743 “
88 2711 206 2796 qnoque
217 2725 246 2776 et
260 2714 343 2778 ltalia
357 2723 613 2776 summoverentur.
628 2714 697 2794 lpse
710 2713 849 2794 quosdam
860 2729 938 2776 nouo
952 2713 1089 2792 exemplo

1 2847 2 2878 2
46 2818 75 2860 eo
88 2798 248 2877 relegavit,
264 2808 295 2860 ut
307 2799 382 2860 ultra
399 2800 526 2880 lapidem
541 2801 655 2859 tertium
670 2807 784 2859 vetaret
798 2797 901 2877 egredi
912 2797 949 2858 ab
963 2797 1046 2859 urbe.

1 2932 2 2936 ,
151 2884 196 2944 lle
209 2883 319 2944 maiore
333 2886 454 2963 negotio
473 2893 589 2946 acturus
603 2885 632 2943 in
648 2883 744 2960 curia,
764 2882 875 2943 medius
891 2885 966 2942 inter
987 2900 1090 2944 consu·

15 3028 16 3032 ,
84 2969 146 3028 lum
163 2967 251 3028 sellas
266 2967 579 3029 tribuniciosubsellio
599 2966 729 3029 sedebat.
759 2965 942 3030 commeatus
956 2985 973 3028 a
989 2976 1090 3028 senatu

1 3115 2 3118 ,
85 3054 148 3133 peti
168 3051 272 3112 solitos
293 3051 418 3112 benefici
440 3053 483 3113 aui
505 3053 586 3112 fecit.
619 3050 793 3113 Ornamenta
819 3052 983 3112 consularia
1005 3052 1090 3112 etiam
1098 3061 1132 3114 ul

1 3145 2 3207 ζ
84 3135 328 3218 procuratoribus
343 3136 505 3200 drroenariis
520 3135 646 3196 indulsit.
668 3136 847 3197 Senatorium
863 3134 1029 3214 dignitatern
1044 3153 1088 3193 re·

1 3230 3 3290 ἓ
43 3219 255 3286 accusantibus
271 3229 437 3301 equestrem
451 3238 568 3301 qnoque
585 3219 699 3281 ademit.
727 3219 826 3281 batum
843 3220 970 3295 olavum,
992 3235 1089 3297 qnam-

1 3301 3 3378 ἓ
83 3307 133 3381 vis
151 3305 231 3366 initio
247 3305 422 3368 affirmasset
432 3323 491 3367 non
506 3305 647 3366 lecturum
658 3323 691 3364 se
706 3313 871 3366 senatorem
891 3303 947 3362 nisi
968 3303 1040 3362 civis
1053 3302 1089 3361 R.

1 3383 3 3454 l
20 3392 35 3446 J
84 3389 280 3470 abnepotem,
297 3393 382 3451 etiam
398 3389 526 3451 libertini
541 3388 601 3449 lilio
618 3388 730 3466 tribuit,
747 3388 799 3449 sed
814 3386 868 3448 sub
885 3385 1050 3448 conditione
1065 3385 1091 3446 si

1 3475 3 3560 ᾗ
84 3474 220 3556 prius-ab
237 3476 335 3554 equite
349 3475 386 3536 R.
402 3473 555 3554 adoptatus
571 3481 664 3545 essen
688 3492 723 3534 ac
739 3473 782 3532 sic
798 3489 915 3552 quoqne
931 3469 1090 3552 repreben-
