2412 3876
102 175 143 236 54
188 185 218 232 c.
234 181 384 232 sunnone
400 179 594 240 anemone
608 179 691 228 vms
707 177 892 227 onesinum
909 178 977 225 nro.
992 179 1030 226 11.

103 341 159 402 tori
183 335 339 416 delegabat
360 335 487 413 urbano,
513 353 547 395 ao
568 335 788 414 provincialium
808 331 1008 394 consularibus
1030 333 1112 412 uiris,

104 443 177 506 qnos
193 421 324 501 singulos
342 422 481 499 cuiusque
497 420 665 499 provinciae
681 418 809 496 negotiis
825 419 1054 498 praeposuisset.

60 527 96 582 34
187 508 283 584 Leges
300 507 468 566 retractauit
483 513 513 563 et
524 502 660 582 quasdam
677 520 715 562 ex
731 503 846 580 integro
862 503 972 580 sanxit,
987 510 1018 562 ut
1033 518 1110 562 snm-
1200 553 1201 558 ,

103 593 244 675 ptuariatn
263 589 343 650 etde
360 588 509 650 adulteriis
525 595 554 646 et
569 587 605 647 de
620 585 771 666 pudicitia,
794 586 830 647 de
852 585 975 662 ambito,
999 585 1036 646 de
1050 605 1109 647 ma·

101 675 221 738 mundis
237 671 395 735 ordinibus.
426 672 507 733 lianc
531 689 595 731 cum
610 671 756 750 aliquanto
775 671 907 731 severius
923 688 1008 749 quam
1028 680 1132 731 cete-s

101 781 150 824 ras
171 758 369 834 emendasset,
389 775 460 836 prae
481 754 599 816 tumultu
621 755 815 816 recusantium
835 754 970 833 perferre
984 773 1042 815 non
1057 772 1110 835 po·

101 849 168 922 tuit,
189 845 244 904 nisi
266 842 399 921 adempta
418 841 530 902 demum
551 839 679 900 lenitaue
698 848 782 919 parte
798 855 955 919 poenarum
978 849 1007 899 et
1023 857 1110 900 vaca-

102 932 187 996 tione,
200 929 304 989 trienni
321 926 386 988 data
398 926 547 1004 auctisque
559 925 705 1004 praemiis.
730 923 780 984 Sic
794 941 909 1004 qnoque
922 921 1111 986 abolitionem

101 1015 164 1074 eius
175 1012 294 1092 publico
310 1009 480 1090 spectaculo
492 1011 681 1089 pertinaciter
691 1008 858 1090 postulante
871 1009 979 1088 equite,
996 1009 1110 1069 accitos

102 1097 265 1160 Germanici
279 1095 390 1155 liberos
405 1102 604 1172 receptosque
617 1095 721 1173 partim
742 1093 778 1156 ad
798 1111 830 1153 se
851 1094 955 1172 partim
971 1094 999 1153 in
1017 1094 1109 1173 patris
1121 1109 1147 1150 ιο

23 1217 27 1226 ·
100 1181 241 1258 gremium
252 1178 421 1256 ostentauit,
437 1195 521 1238 manu
535 1176 672 1257 vultuque
686 1178 901 1256 significansne
916 1186 1110 1256 gravarentur

101 1265 205 1325 imitari
217 1263 332 1324 iuuenis
347 1261 522 1342 exemplum.
559 1259 689 1341 Cumque
705 1263 791 1322 etiam
811 1263 1004 1322 inmaturitate
1019 1278 1108 1340 spon·

102 1366 196 1410 sarum
217 1356 247 1408 et
265 1348 508 1408 matrimoniorum
531 1346 635 1407 crebra
661 1349 817 1407 mutatione
843 1347 901 1406 vim
929 1347 1008 1424 legis
1030 1343 1109 1405 eludi

102 1434 241 1509 sentiret,
257 1440 372 1512 tempus
387 1448 513 1512 sponsas
526 1430 651 1495 habendi
668 1431 825 1508 coartavit,
847 1429 982 1491 divortiis
992 1428 1109 1490 modum

100 1519 138 1578 im
162 1517 247 1579 osuit.
1118 1525 1145 1568 m

58 1607 92 1662 35
141 1535 337 1661 pSenatorum
350 1598 515 1660 affluentem
527 1617 673 1659 numerum
687 1598 811 1658 delormi
825 1607 854 1658 et
864 1597 1010 1658 incondita
1024 1596 1108 1657 turba

103 1688 201 1767 (eraut
216 1684 291 1744 enim
313 1701 401 1762 super
421 1683 515 1761 mille,
535 1693 565 1742 et
586 1682 699 1763 qnidam
717 1681 909 1761 indignissimi
930 1689 1040 1762 etpost
1056 1699 1106 1741 ne·

102 1789 165 1830 nem
181 1768 317 1830 Caesaris
333 1769 520 1846 pergratiam
538 1776 567 1828 et
581 1769 739 1847 praemium
753 1767 874 1845 adlecti,
898 1784 972 1847 quos
987 1767 1107 1843 orpinos

70 1925 73 1936 Ι
100 1855 205 1932 uulgus
222 1853 363 1930 vocabat)
379 1851 414 1912 ad
430 1851 545 1912 modum
562 1853 713 1931 pristinum
733 1862 763 1912 et
782 1852 969 1932 splendorem
990 1849 1108 1928 redegit

100 1937 209 1999 deabus
224 1937 415 1998 lectionibus:
430 1937 522 2015 prima
537 1938 666 2015 ipsorum
681 1935 840 2014 arbitratu,
866 1953 923 2015 quo
947 1936 993 1994 vir
1014 1934 1145 1996 virnmao

99 2021 188 2099 legit,
211 2020 338 2088 secunda
363 2037 416 2080 suo
439 2029 468 2080 et
492 2019 659 2098 Agrippam
685 2037 745 2098 quo
768 2029 903 2100 tempore
927 2019 1107 2080 existimatur

99 2105 192 2165 lorica
214 2104 267 2164 snb
289 2113 372 2164 veste
393 2105 516 2163 munitus
533 2103 679 2182 ¹ferroque
703 2106 815 2165 cinctus
831 2102 1031 2184 praesedisse,
1054 2102 1106 2162 de·

101 2195 164 2248 cem
187 2188 392 2249 valentissimis
413 2188 552 2250 senatorii
572 2187 680 2250 ordinis
701 2191 801 2251 amicis
822 2187 924 2250 sellam
948 2204 1029 2248 suam
1051 2187 1106 2246 cir·

100 2271 316 2333 constantibus.
362 2269 474 2332 Gordus
490 2269 654 2332 Cremutius
670 2272 784 2351 scribit,
806 2291 844 2333 ne
867 2272 1021 2335 admissum
1043 2269 1105 2350 qni-

99 2356 164 2417 dem
187 2364 255 2416 tuno
273 2373 445 2436 quemquam
465 2365 630 2418 senatorum
651 2359 705 2418 nisi
726 2357 819 2418 solum
840 2366 870 2417 et
891 2362 1144 2438 praetemptatonu

99 2443 172 2502 sinu.
218 2441 366 2518 Quosdam
382 2441 418 2502 ad
434 2440 592 2502 excusandi
608 2461 640 2502 se
658 2443 864 2503 verecundiam
883 2441 1023 2521 compulit
1044 2457 1105 2500 scr-

98 2526 235 2606 vavitque
251 2528 337 2587 etiam
350 2526 497 2585 excusatis
512 2525 626 2604 insigne
640 2528 732 2587 vestis
748 2536 777 2588 et
792 2525 945 2606 spectandi
960 2527 988 2584 in
1001 2522 1105 2585 orclac-

98 2619 157 2670 stra
180 2610 373 2689 epulandique
395 2608 513 2688 publice
534 2611 589 2670 ius.
636 2611 701 2686 Quo
722 2618 816 2672 autem
837 2610 907 2671 lecti
929 2607 1106 2689 probatique

98 2701 127 2752 ct
142 2692 312 2770 religiosius
329 2703 358 2753 et
372 2695 483 2755 minore
500 2694 634 2756 molestia
652 2696 798 2776 senatoria
813 2713 932 2757 munera
947 2693 1104 2771 iungeren-

96 2785 159 2852 tur,
184 2778 293 2854 sanxit,
319 2787 348 2837 ut
363 2778 441 2855 prius
457 2795 542 2857 qnam
558 2777 724 2839 consideret
740 2781 863 2858 quisque
877 2789 942 2840 ture
964 2797 1000 2840 ac
1020 2793 1103 2836 mero
1113 2794 1143 2838 ao

97 2859 277 2939 supplicaret
293 2861 368 2939 apud
386 2880 464 2922 aram
479 2863 541 2922 eius
556 2862 619 2940 dei,
642 2864 671 2922 in
689 2863 770 2923 euius
784 2863 895 2942 templo
912 2863 1057 2937 coiretur,
1074 2868 1105 2920 et

96 2961 133 3002 ne
149 2943 215 3020 plus
231 2963 316 3022 qnam
331 2945 376 3005 bis
394 2947 422 3004 in
441 2964 543 3006 mense
560 2947 706 3024 legitimus
730 2956 848 3008 senatus
862 2944 1014 3026 ageretur,
1036 2943 1104 3005 llal.
1199 2969 1200 2992 ι

96 3036 126 3087 et
149 3025 264 3104 Idibus,
292 3047 368 3090 neve
395 3029 560 3109 Septembri
582 3030 741 3092 Octobriue
767 3025 868 3093 mense
893 3032 970 3093 ullos
996 3028 1105 3094 adesse
1200 3027 1201 3030 ’

95 3111 169 3172 alios
190 3130 316 3174 neccsse
339 3122 418 3173 esset
438 3132 523 3193 quam
546 3125 626 3176 sorte
647 3116 768 3195 ductos,
790 3135 844 3196 per
863 3133 985 3195 quorum
1005 3130 1103 3176 nume·

95 3214 157 3256 rum
172 3195 292 3258 decreta
308 3198 413 3258 conlici
428 3208 562 3277 possent;
587 3199 700 3280 sibique
723 3201 844 3262 instituit
866 3200 989 3262 consilia
1005 3196 1142 3260 surtirias
1170 3252 1172 3256 ,

95 3283 282 3359 semenstria,
305 3299 368 3342 cum
391 3282 495 3360 quibus
516 3283 553 3344 dc
568 3285 695 3362 negotiis
718 3285 754 3346 ad
774 3287 957 3364 frequentem
972 3289 1122 3360 seruum,

94 3363 258 3427 referendis
276 3375 342 3427 ante
357 3375 505 3428 tractaret.
543 3367 709 3430 Sententiae
727 3370 763 3430 de
784 3371 893 3430 maiore
906 3361 1027 3448 negotiu
1043 3383 1103 3428 non

93 3461 175 3508 more
191 3459 277 3530 atque
293 3450 394 3514 ordine
408 3451 461 3511 sed
477 3460 564 3530 prout
577 3451 710 3513 libuisset
725 3454 919 3533 perrogabat,
935 3463 966 3514 ut
980 3450 1103 3534 perinde
1199 3465 1201 3528 ξ

61 3620 113 3631 ,-
