2438 3872
238 769 335 869 DE
384 770 934 872 GRAMMATICIS.

493 1019 588 1026 ...ψ-..-
594 1019 680 1027 ...ὴι

150 1229 340 1292 Grammatico
355 1231 467 1291 Romae
482 1248 519 1290 ue
532 1231 561 1289 in
572 1247 626 1289 usu
641 1228 756 1307 quidem
768 1230 855 1306 olim,
873 1229 978 1290 nedum
993 1233 1021 1291 in
1038 1231 1115 1294 lio-l

85 1329 157 1377 nore
179 1315 240 1376 ullo
256 1323 333 1392 erat,
356 1313 418 1374 rudi
436 1314 550 1374 scilicet
566 1331 601 1374 ac
616 1313 758 1373 bellicosa
776 1316 861 1374 etiam
885 1324 942 1374 tum
959 1317 1087 1393 civitate,

86 1397 208 1459 necdum
227 1415 409 1477 magnopere
435 1397 605 1459 liberalibus
624 1397 784 1476 disciplinis
807 1408 940 1460 vacante.
977 1399 1089 1461 Initium

62 1499 202 1563 equoque
216 1486 277 1544 eius
288 1483 437 1544 mediocre
452 1485 545 1544 extitit
546 1480 711 1562 ,siquidem
723 1483 912 1562 antiquissimi
925 1483 1088 1561 doctorum,

85 1587 132 1647 qm
125 1567 234 1628 iidem
250 1577 279 1628 et
296 1575 403 1646 poetae
418 1577 448 1628 et
462 1567 637 1644 semigraeci
654 1574 752 1643 erant,
779 1564 902 1650 (Livium
923 1577 952 1628 et
966 1567 1088 1629 Ennium

86 1651 166 1730 dico,
182 1670 256 1731 quos
270 1661 392 1730 utraque
410 1651 507 1729 lingua
522 1651 598 1711 domi
603 1651 750 1744 lorisque
767 1649 905 1712 docuisse
924 1652 1088 1714 adnotatum

15 1783 16 1790 ,
33 1751 38 1758 ·
85 1735 146 1814 est)
161 1736 229 1796 nilril
245 1736 367 1814 amplius
381 1753 465 1814 qnam
481 1720 612 1798 Graecos
630 1734 903 1814 interpretabamur,
922 1745 970 1797 aut
981 1736 1089 1817 siquid

84 1821 140 1899 ipsu
133 1819 253 1881 Latine
271 1821 506 1905 composuissent
522 1818 744 1900 praelegebant.
777 1819 849 1882 Nam
862 1820 941 1899 quod
957 1822 1088 1882 nonnulli

49 1903 197 1965 ¹⁰tradunt
219 1903 293 1964 duos
308 1902 407 1965 libros
431 1903 474 1965 de
503 1903 649 1964 litteris
672 1903 928 1984 syllabisque,
955 1906 1023 1966 item
1046 1905 1088 1966 de

82 1989 209 2048 metris
231 1987 266 2049 ab
291 1987 394 2049 eodem
416 1987 508 2049 Ennio
532 1987 644 2065 editos,
672 1988 735 2048 inre
756 1991 851 2068 arguit
865 1987 895 2054 L.
919 1987 1005 2050 Cotta
1030 2007 1088 2050 non

83 2081 191 2152 poetae
212 2072 264 2133 sed
287 2074 461 2152 posterioris
485 2071 569 2132 Ennii
591 2091 672 2150 esse,
697 2073 777 2133 cuius
798 2073 883 2134 etiam
906 2072 947 2134 dc
976 2093 1086 2152 augu-

4 2211 5 2214 ,
82 2155 186 2217 randi
210 2156 575 2236 disciplinavolumina
592 2157 730 2217 ferantur.

147 2239 259 2301 Primus
275 2243 379 2320 igitur,
404 2250 538 2320 qnantum
555 2243 721 2320 opinamur,
744 2241 867 2302 studium
881 2245 1116 2320 grammaticaet

46 2325 112 2389 trin
136 2324 237 2386 urbem
258 2325 351 2386 intulit
374 2323 477 2387 Grates
499 2325 654 2404 Mallotes,
681 2325 843 2387 Aristarchi
865 2327 1012 2406 aequalis,
1038 2329 1087 2406 qui

4 2453 5 2456 ,
82 2411 188 2470 missus
203 2409 239 2470 ad
255 2419 385 2470 senatum
403 2409 439 2472 ab
454 2408 553 2471 Attalo
568 2427 641 2488 rege
658 2410 732 2470 inter
748 2409 904 2471 secumdum
921 2430 956 2470 ac
972 2411 1087 2470 tertium

81 2493 221 2555 Punicum
241 2493 348 2554 bellum
364 2494 417 2554 sub
434 2495 527 2574 ipsam
543 2495 628 2556 Ennii
642 2503 781 2573 mortem,
807 2513 870 2554 cum
887 2495 1012 2573 regione
1035 2494 1086 2556 Pa·

81 2577 144 2639 latii
162 2577 319 2658 prolapsus
333 2579 361 2639 in
378 2579 500 2640 cloacae
518 2579 650 2640 foramen
673 2597 739 2639 crus
754 2579 909 2657 fregisset,
933 2597 1086 2657 peremne

80 2661 238 2740 legationis
253 2663 335 2722 simul
363 2671 392 2724 et
410 2662 573 2736 valitudinis
590 2673 704 2741 tempus
721 2662 860 2742 plurimas
878 2664 1008 2724 acroasis
1021 2669 1086 2726 suh·

5 2801 6 2804 ,
43 2745 149 2808 scinde
171 2747 242 2807 lecit
266 2747 439 2827 assidueque
461 2747 612 2824 disseruit,
640 2765 676 2809 ac
698 2749 807 2808 nostris
823 2747 960 2828 exemplo
981 2748 1035 2808 luit
1052 2747 1087 2809 ad

5 2827 7 2832 ’
78 2830 253 2894 imitandum.
284 2829 431 2894 Hactenus
446 2840 541 2894 temen
560 2833 672 2910 imitati,
690 2841 720 2892 nt
736 2835 862 2894 carmina
879 2850 979 2913 parum
994 2833 1087 2894 adhuc

11 2991 16 2998 Ι
79 2914 230 2996 divulgata
248 2916 297 2978 vel
317 2915 518 2977 defunctorum
535 2917 691 2979 amicornm
712 2917 760 2976 vel
786 2918 811 2977 si
828 2933 949 2997 quorum
965 2917 1087 2978 aliorum

78 2997 275 3081 probassent,
297 2999 464 3079 diligentius
478 3009 671 3063 retractarent
691 3019 726 3062 ac
746 3001 874 3082 legendo
892 3011 1085 3062 commentan-

76 3082 180 3164 doque
196 3086 282 3146 etiam
305 3087 412 3146 ceteris
427 3094 494 3146 nota
510 3086 656 3156 lacerent;
674 3094 703 3146 ut
723 3083 757 3146 G.
775 3085 913 3147 Octavius
927 3085 1086 3164 Lampadio

43 3166 186 3230 tollaevii
208 3167 345 3230 Punicum
366 3168 490 3247 bellum,
518 3170 596 3250 quod
617 3188 673 3231 nno
698 3170 843 3232 volumine
872 3179 901 3231 et
926 3171 1086 3230 continenti

79 3255 227 3332 scriptura
254 3255 420 3334 expositum
441 3253 537 3316 divisit
556 3257 585 3316 in
606 3265 720 3336 septem
740 3255 846 3326 librom
870 3263 901 3316 ut
921 3252 1025 3333 postea
1048 3252 1084 3329 Q

79 3338 279 3416 Vargunteius
295 3338 414 3400 annales
429 3337 530 3417 Ennii,
550 3352 623 3420 quos
640 3341 729 3402 certis
744 3339 874 3402 diebus
865 3359 898 3399 m
904 3355 1008 3416 magna
1027 3339 1085 3398 ire·

80 3422 200 3502 quentia
221 3423 439 3514 pronuntiabam
461 3433 492 3486 nt
511 3423 626 3486 Laelius
640 3424 803 3487 Archelaus
826 3424 999 3504 Vettiusque
1021 3421 1085 3482 Plri-

80 3504 215 3568 locomus
231 3507 352 3569 Lucilii
348 3518 461 3593 satyras
481 3502 629 3571 familiaris
645 3511 705 3588 sul,
730 3527 801 3590 quas
821 3509 933 3588 legisse
953 3525 986 3570 se
1009 3505 1086 3586 apud

132 3611 287 3653 curremus.
891 3595 930 3656 17

495 3798 507 3834 ,2
