2438 3872
509 159 680 212 asnaa.
1032 147 1094 212 aot

98 313 234 375 librarum
256 307 418 392 quindecies
437 313 595 374 cornilassat
610 331 646 375 ao
664 323 724 374 tres
741 315 854 392 uncias,
879 331 954 394 quae
971 316 1094 393 ponderi

1 453 2 473 ,
98 396 476 475 deerant,-iasstsssteuigi.
501 397 545 458 la
560 397 636 458 iusta
654 406 683 458 et
697 399 868 460 ooullrnrata
885 407 914 458 et
931 407 1015 458 aucta
1036 409 1092 478 est,

1 475 4 548 l
97 491 128 562 ut
140 482 262 566 primurn
272 480 374 541 urbem
386 483 504 541 introiit.
527 480 600 542 Natu
611 498 676 542 cunr
687 481 864 559 classiarios,
877 498 952 561 quos
962 481 1043 553 llero
1057 501 1094 544 ex

1 560 3 649 l
97 563 258 642 remigibus
274 561 367 625 iustos
384 565 490 634 milites
506 565 634 643 bearat,
652 564 751 626 redire
767 565 805 626 ad
823 567 972 644 moinum
990 575 1094 628 statuta

1 653 2 728 f
70 667 85 708 a
100 657 232 728 cogeret,
245 645 409 710 recusantis
423 649 511 728 atque
522 651 643 730 insuper
657 649 909 728 aquilametsigue
918 651 1094 728 pertinacius

1 757 2 814 ,
96 733 255 810 flagitantis
264 749 322 798 uon
334 733 420 793 trodo
433 735 552 793 inmisso
566 735 662 812 equits
676 732 801 808 disoeeit,
814 733 867 794 sed
881 733 1093 796 decimaviteti·

1 1000 3 1010 ·
77 1050 83 1060 ,
98 985 233 1046 dissoluit
243 1003 281 1045 ae
295 985 358 1044 siue
370 984 523 1046 commodo
536 985 725 1060 ullo‘reutisit
742 985 771 1044 iu
784 987 921 1064 patriam,
937 987 1020 1064 quasi
1032 985 1092 1048 cst.

1 1075 4 1136 t
63 1073 89 1124 rt
98 1066 282 1146 Dolabellae,
297 1069 376 1128 iuxta
389 1069 469 1129 ouius
479 1068 581 1129 honos
595 1067 742 1146 tendebat,
754 1070 931 1146 proniorem.
962 1069 1093 1150 lllaqua·

96 1169 276 1232 quererere
294 1165 331 1216 aa
346 1150 423 1212 falso
436 1169 491 1230 per
507 1151 657 1213 ludibrium
675 1150 874 1230 iactabantur,
891 1153 1024 1232 adposita
1034 1153 1093 1214 lau-

61 1237 201 1300 etioreo
238 1247 274 1294 aa
286 1236 463 1312 ingemuisse
475 1253 557 1306 οπως
570 1244 600 1296 et
614 1235 760 1298 ordinario
772 1235 886 1314 quidem
899 1237 1094 1316 dispensatori

1 1341 2 1383 t
97 1317 275 1380 breviarum
285 1319 1092 1399 mbooumolierentiparopsidesrlegumiuisprosedu

1 1390 6 1474 l
96 1403 180 1464 litate
192 1419 228 1464 ac
239 1401 389 1480 diligentia
401 1401 674 1482 porrexisse-(lano
686 1405 780 1464 antem
788 1404 1021 1466 choraulaeraire
1032 1405 1092 1485 pla
1178 1417 1181 1424 ’

1 1481 2 1552 l
64 1499 90 1541 1⁶
98 1488 174 1549 uenti
187 1485 322 1552 denarios
334 1488 461 1566 quinque
472 1486 607 1564 donasse,
620 1486 754 1565 prolatos
762 1504 848 1548 manu
859 1505 911 1549 sua
929 1505 947 1546 e
964 1489 1092 1568 peculia·

1 1573 2 1618 ἲ
96 1571 178 1632 ribos
188 1569 294 1634 loeulls
309 1572 378 1630 sois.

1 1715 2 1720 ,
160 1655 257 1730 Quare
269 1652 409 1716 aduentus
420 1656 547 1714 eiusuon
556 1653 852 1734 perindegratusluit,
864 1652 950 1732 idque
959 1655 1136 1732 proximota

1 1731 2 1808 ff
97 1730 269 1817 spectaculo
281 1739 423 1817 apperuit·
447 1737 594 1818 Siquidem
606 1737 749 1798 Atellanis
760 1737 938 1797 ocissimum
951 1740 1092 1799 cauticum

1 1825 2 1852 l
97 1821 228 1884 exorsis:
252 1817 341 1882 Vertit
359 1818 522 1883 Onesimus
543 1839 564 1882 o
584 1821 678 1897 mlo,
702 1822 797 1882 cumoti
813 1821 896 1881 siaul
910 1830 1093 1900 spectatores
1111 1805 1125 1908 ἱ

61 1920 88 1962 so
98 1904 297 1968 consentiente
305 1923 381 1966 voce
393 1905 533 1984 reliquam
546 1915 657 1984 partem
667 1905 826 1965 retulerunt
837 1923 872 1965 ac
880 1907 996 1985 saepius
1005 1923 1092 1966 versu

1 1997 2 2030 ³
95 1992 222 2070 repetito
231 1986 365 2067 egerunt.
384 1987 496 2050 Maiore
508 1990 583 2050 adeo
596 1998 625 2049 et
636 1989 739 2050 lavore
752 1997 781 2048 et
792 1992 962 2050 auctoritate
969 1989 1091 2070 adeptus
1102 1999 1134 2050 14

0 2107 1 2134 i
96 2083 143 2134 est
155 2088 240 2155 quaro
250 2071 343 2149 gessit
350 2073 511 2154 imperium,
525 2089 695 2153 quamquam
703 2072 790 2132 multa
800 2072 1093 2152 documentaegregii

96 2156 238 2246 principis
250 2154 345 2243 daret;
364 2156 416 2216 sed
427 2174 607 2236 nequisquam
617 2166 675 2217 taur
685 2166 768 2234 grata
781 2165 878 2236 eraut,
895 2175 978 2236 quam
999 2159 1092 2218 invisa

1 2292 2 2295 Ἴ
62 2341 87 2382 aa
96 2258 142 2366 q}
136 2239 419 2402 abibegoebsabubrbblbm
431 2324 562 2401 arbitrio,
575 2341 649 2403 qnos
661 2333 756 2394 uuaet
766 2324 992 2386 lutral’alatiuru
1013 2312 1126 2386 uoot'
1208 2351 1211 2356 ·

96 2409 183 2468 tantis
194 2425 249 2467 uec
265 2423 397 2486 umquam
410 2425 468 2468 nou
486 2407 669 2469 adhaerentis
688 2408 882 2488 paedagogos
899 2407 988 2485 uulgo
1005 2425 1092 2470 vocae
1215 2415 1218 2476 i

1 2517 2 2534 t
94 2490 175 2556 bant,
189 2489 214 2552 Ii
224 2499 307 2551 eraut
316 2491 348 2552 Τ.
357 2492 460 2552 Vinius
472 2491 587 2569 legatus
599 2493 663 2551 eius
674 2493 703 2550 in
709 2492 858 2571 Hispania,
867 2491 1032 2570 cupiditatis
1042 2493 1091 2552 irn-

1 2577 19 2632 ss
94 2592 227 2645 mensae;
252 2571 407 2637 Cornelius
422 2573 500 2636 Laco
521 2593 559 2635 ex
577 2591 729 2636 assessore
753 2575 920 2654 praelectus
941 2575 1092 2652 praetorii,

1 2664 4 2738 ᾖ
95 2659 263 2736 arrogantia
286 2658 482 2738 socordiaque
507 2657 713 2728 intolerabilis;
738 2659 858 2718 libertus
876 2657 983 2736 Icelus,
1005 2659 1091 2738 paulo
1216 2691 1218 2726 f

1 2764 4 2849 p
60 2765 87 2808 ao
99 2750 165 2805 ante
180 2742 273 2804 anulis
284 2744 379 2804 auras
388 2752 417 2803 et
427 2741 565 2804 llarciani
577 2743 750 2820 cognomine
765 2751 882 2803 ornatus
894 2759 930 2802 ac
945 2745 1000 2804 iam
1018 2757 1091 2806 sum·

95 2843 161 2887 mae
172 2827 317 2906 equestris
328 2826 436 2904 medus
449 2825 625 2888 candidatus.
649 2825 701 2886 llis
712 2825 829 2886 diverso
841 2827 974 2888 vitiorum
981 2843 1092 2904 genere
1217 2827 1218 2830 ’

0 2938 1 2989 p
95 2909 296 2988 grassantibus
304 2910 377 2971 adeo
391 2929 425 2971 se
436 2910 607 2972 abutendum
618 2909 750 2991 permisit
760 2919 790 2974 et
799 2909 925 2988 tradidit,
937 2919 968 2972 ut
978 2913 1028 2972 vix
1036 2910 1092 2972 sibi

0 3004 1 3023 ¹
94 2996 161 3072 ipse
175 2991 332 3073 constaret,
344 2993 431 3056 ruodo
443 2993 580 3055 acerbior
590 2995 776 3074 parciorque,
787 2995 873 3054 ruodo
890 2995 1041 3056 remissior
1057 3014 1092 3054 ac

0 3088 1 3139 t
95 3077 302 3155 neglegentior
328 3097 413 3159 quam
434 3081 604 3140 conueniret
633 3079 758 3158 principi
786 3078 883 3141 electo
910 3089 996 3158 atque
1021 3079 1090 3140 illud

58 3161 246 3237 etaetatisp

0 3242 1 3267 ³
160 3243 307 3319 Quosdam
321 3244 419 3316 claros
431 3265 470 3306 ex
481 3255 604 3324 utroque
615 3247 716 3307 ordine
733 3247 812 3306 viros
827 3248 995 3326 suspicione
1011 3248 1089 3306 ruini·
1154 3241 1157 3245 ’

95 3341 141 3390 ma
152 3327 296 3396 inauditos
309 3329 521 3392 condemnauit.
543 3329 694 3392 Civitatem
704 3330 739 3391 R.
752 3349 818 3391 raro
831 3323 918 3407 dedit,
934 3333 995 3391 iura
1007 3332 1090 3390 trium
1217 3395 1218 3398 ,

1 3481 3 3513 ι
95 3409 253 3472 liberorum
260 3413 313 3474 *vix
323 3415 371 3473 uui
383 3423 468 3492 atque
481 3415 579 3492 alteri,
591 3433 626 3475 ac
637 3433 674 3474 ue
687 3417 711 3474 is
724 3414 838 3492 quidem
858 3415 912 3475 nisi
929 3414 964 3474 ad
982 3425 1091 3474 certum
