2412 3876
496 155 601 204 ornus
624 156 750 206 runrus.
1085 143 1126 206 23

120 331 257 396 quosque
287 309 423 374 Caesario
452 313 579 380 amicos;
617 327 737 391 quorum
769 309 856 372 Gaius
889 309 1015 392 Oppius,
1044 311 1128 390 quasi

120 400 210 480 plane
242 395 415 457 defensione
439 411 474 456 ao
497 395 662 474 patrocinio
684 413 733 455 res
757 402 878 472 egeret,
901 393 1004 454 librum
1027 393 1126 472 edidit,

118 499 181 544 non
203 498 271 541 esse
299 478 551 556 Caesarisiilium,
582 496 667 557 quem
693 476 851 558 Cleopatra
883 477 969 538 dicat.
1006 477 1127 538 Helvius

120 566 216 628 Cinna
231 563 291 626 tlt.
306 564 361 625 PL.
378 564 528 644 plerisque
556 561 711 624 confessus
727 570 773 623 est
789 562 926 623 babuisse
941 580 974 622 se
989 565 1127 642 scriptam

96 657 310 732 operatumque
335 648 448 726 legem,
476 664 561 727 quam
578 644 688 708 Caesar
708 648 788 707 ieme
809 649 942 707 iussisset
972 663 1036 707 oum
1063 647 1128 726 ipse

120 735 261 811 abesset,
288 734 329 793 uti
351 749 461 793 uxores
481 731 639 792 liberorum
655 729 885 809 quaerendorum
909 747 1083 810 concoquas
1100 737 1130 791 et

122 827 195 899 quot
209 816 302 878 uallet
316 815 425 878 ducere
443 816 558 876 liceret.
580 814 627 874 Ac
644 832 682 874 ne
698 817 743 875 cui
765 814 881 876 dubium
898 815 1015 875 omnino
1030 815 1077 892 sit,
1100 823 1131 874 et

122 901 320 982 impudicitiae
340 909 370 961 et
393 899 600 962 adulteriorum
621 899 765 976 flagrasse
785 899 917 977 infamia,
939 897 1028 960 Curio
1045 907 1147 977 pater,

123 987 246 1066 quadam
266 1003 332 1046 eum
355 985 486 1046 oratione
510 985 635 1045 omnium
657 983 808 1044 mulierum
834 984 926 1043 uirum
954 992 983 1043 et
1005 983 1130 1044 omnium
1150 1045 1154 1062 ,

84 1073 255 1133 sorborum
268 1068 418 1130 mulierem
433 1067 573 1149 appellat.
1135 1075 1154 1138 a·

188 1155 256 1216 Vini
277 1154 477 1233 parcissimum
496 1171 533 1212 ne
556 1151 662 1212 inimici
682 1152 796 1232 quidem
812 1161 1004 1230 negauerunt.
1036 1151 1173 1218 nootss

123 1237 247 1301 Catonis
270 1247 332 1315 est,
362 1255 455 1298 unum
469 1255 510 1298 ec
524 1235 666 1298 omuibus
682 1233 851 1298 Caesam
870 1236 914 1297 cd
933 1237 1130 1298 euertertdam

120 1320 360 1402 rempublicam
373 1320 513 1383 sobrium
530 1322 713 1383 accessisse.
735 1321 808 1382 Nam
824 1323 902 1382 eirca
918 1317 1025 1381 uictum
1041 1321 1130 1382 (laius

123 1407 238 1488 Oppius
260 1404 334 1467 adeo
357 1405 569 1467 indifferentem
591 1404 696 1482 docet,
726 1415 756 1465 ut
788 1405 931 1485 quondam
955 1405 991 1466 ab
1013 1405 1129 1486 hospite

85 1509 113 1552 rs
126 1490 272 1552 conditum
287 1489 383 1550 oleum
394 1507 448 1570 pro
464 1489 548 1550 viridi
563 1488 741 1568 adpositum,
765 1489 989 1568 aspernantibus
1010 1490 1128 1564 ceteris,

123 1576 219 1638 solnm
234 1575 320 1634 etiam
333 1575 444 1652 largius
459 1573 610 1654 appetisse
632 1573 756 1649 scribat,
787 1591 824 1633 ne
844 1573 990 1653 hospitem
1011 1583 1059 1634 aut
1078 1589 1128 1632 ne·

123 1657 295 1737 glegentiae
316 1667 364 1719 aut
378 1657 547 1719 rusticitatis
567 1655 716 1718 rideretur
741 1673 876 1734 arguere.
916 1656 1172 1717 Abstinentiamil

122 1761 222 1822 neque
235 1743 265 1802 in
278 1742 409 1822 imperiis
423 1759 518 1821 neque
536 1743 565 1800 in
580 1739 796 1818 magistratibus
813 1742 967 1820 praestitit.
1000 1741 1039 1802 Ut
1054 1740 1130 1800 enim

124 1826 241 1906 quidam
264 1827 455 1886 monumentis
478 1811 656 1885 suis’testati
676 1833 758 1900 sunt,
788 1826 816 1884 iu
844 1823 981 1905 Hispania
1003 1840 1129 1904 procon-

85 1929 113 1971 so
128 1910 192 1970 sule
213 1918 273 1970 eta
293 1911 382 1970 sociis
403 1909 544 1988 pecunias
568 1909 684 1988 aceepit
710 1907 904 1969 emendicatas
935 1910 964 1968 in
995 1907 1131 1968 auxilium

46 2027 48 2032 ·
124 1995 202 2054 aeris
231 1993 317 2054 alieni
345 1999 375 2052 et
399 1991 599 2054 Lusitanorum
628 1992 767 2071 quaedam
798 1991 923 2073 oppida,
961 2008 1130 2072 quamquam

123 2095 182 2136 nec
198 2078 337 2156 imperata
353 2076 550 2152 detrectarent
563 2084 594 2136 et
612 2076 776 2137 aduenienti
797 2085 897 2156 portas
917 2077 1129 2156 patefacerent,

124 2161 243 2239 diripuit
263 2157 419 2220 hostiliter.
447 2160 480 2220 ln
499 2159 591 2222 Gallia
610 2160 677 2221 iana
695 2160 861 2240 templaque
879 2160 963 2220 deum
980 2161 1063 2221 donis
1083 2176 1129 2218 re·

103 2245 202 2312 ‚ferta
229 2244 385 2322 expilauit,
406 2243 495 2304 urbes
522 2243 607 2304 diruit
627 2245 746 2324 saepius
767 2243 805 2306 ob
825 2245 961 2324 praedam
986 2262 1071 2323 qnam
1092 2241 1130 2302 ob

86 2327 278 2396 ardeliotnm;
298 2327 374 2389 unde
388 2327 512 2405 facturn,
539 2334 652 2388 uiauro
672 2327 831 2390 abundaret
845 2331 995 2410 ternisque
1015 2326 1131 2388 milibus
1150 2345 1161 2367 ·'

124 2427 267 2471 nummum
282 2413 310 2472 in
325 2411 415 2472 libras
431 2410 615 2492 promercale
635 2430 689 2490 per
707 2411 817 2474 ltaliam
840 2411 1064 2491 prouinciasque
1089 2409 1130 2469 di·

124 2495 276 2556 venderet.
299 2494 331 2556 ln
347 2498 439 2576 primo
455 2495 607 2556 consulatu
622 2497 677 2556 tria
695 2495 773 2557 milia
791 2495 889 2576 pondo
910 2496 972 2556 auri
987 2494 1098 2555 iuratus
1114 2503 1143 2552 e·

126 2577 290 2658 Capitolio,
316 2580 481 2641 tantundem
502 2581 623 2640 inaurati
641 2580 718 2641 aeris
738 2579 880 2661 reposuit.
914 2580 1080 2640 societates
1096 2595 1131 2638 uc

86 2664 577 2828 ..ttittiti'tiiillitt
594 2663 1131 2810 ltili¹tbti.iilt.:t.tit

11 2889 23 2916 7
126 2829 351 2891 evidentissimis
373 2831 484 2912 rapinis
508 2849 543 2892 ac
564 2831 718 2909 sacrilegis
736 2841 765 2892 st
785 2850 874 2894 onera
899 2831 1044 2892 beliorum
1061 2831 1130 2891 eivi-

6 2919 10 2934 '
125 2915 193 2975 lium
214 2924 243 2974 et
258 2915 467 2995 triumphorum
489 2933 525 2978 ac
544 2931 692 2975 munerum
713 2917 846 2977 sustinuit
868 2916 1022 2996 impendia.

184 2995 362 3079 Eloquentia
381 3000 554 3079 militarique
577 3017 610 3058 re
637 3006 685 3059 aut
712 3002 846 3079 aequauit
868 2999 1173 3080 praestantissimo-55

124 3101 187 3142 rum
216 3081 341 3160 gloriam
358 3092 406 3146 aut
435 3081 573 3144 excessit.
617 3081 688 3143 Post
715 3086 930 3145 accusationem
956 3083 1130 3145 Dolabellae

87 3185 115 3227 ss
126 3165 202 3227 baud
219 3165 306 3228 dubie
321 3168 501 3250 principibus
515 3168 646 3248 pabonis
666 3165 866 3228 adnumeratus
883 3177 938 3229 est.
979 3166 1066 3228 Certe
1084 3165 1151 3226 (ii-¹

125 3268 196 3311 cero
212 3249 249 3312 ad
261 3249 396 3330 Brutum,
419 3260 553 3313 oratores
574 3268 760 3330 enumerans,
782 3261 871 3330 negat
893 3271 925 3312 se
944 3250 1061 3328 videre,
1084 3250 1130 3308 eui

123 3333 232 3395 debeat
255 3332 366 3396 Caesar
386 3335 510 3413 cedere,
532 3336 629 3413 aitque
653 3352 718 3394 eum
739 3335 918 3413 elegantem,
951 3333 1130 3412 splendidam

122 3435 242 3501 quoque
266 3427 354 3498 atque
369 3421 453 3482 etiam
469 3419 650 3497 magnidicam
666 3428 694 3479 et
714 3437 889 3497 generosam
905 3417 1028 3498 quodam
1043 3417 1129 3478 modo
