2444 3872
519 203 549 253 o.
570 202 755 254 cacianus.
1081 196 1140 260 135

135 359 209 432 nae,
239 354 360 418 alterum
382 366 412 418 nt
432 357 586 420 verbosum
603 361 633 419 in
649 359 769 422 historia
785 360 1049 440 neglegentemque
1078 381 1139 424 ear-

135 438 235 518 pebat.
277 438 322 500 De
342 441 413 501 iuris
436 459 552 524 quoque
576 443 732 522 consultis,
764 447 845 524 quasi
871 446 1010 507 scientiae
1040 463 1140 506 eorum

137 537 250 583 omnem
267 541 348 584 usum
371 524 545 604 aboliturus,
578 545 668 607 saepe
689 529 821 606 iactavit,
853 546 889 589 se
903 529 1074 591 mehercule
1094 530 1137 610 es·
1174 534 1181 553 ¹

1 652 3 683 r
132 604 287 684 sectorum
306 627 346 669 ue
361 608 436 689 quid
454 611 644 690 respondere
659 610 784 690 poa-siut
808 619 936 692 praeter
958 631 1034 674 eum.
1080 553 1213 692 Ve-eed

1 687 2 701 ³
112 698 197 751 atera
226 691 394 754 familiarum
422 695 546 771 insignia
577 694 755 756 nobilissimo
785 698 887 776 cuique
914 698 1034 774 ademit,
1067 697 1138 758 Tor·

135 782 223 854 qnato
256 784 404 856 torquem,
437 776 606 839 Cincinnato
636 780 759 858 crinem,
797 779 857 842 GN.
879 781 1019 861 Pompeio
1040 782 1138 861 stirpis

134 859 269 937 antiquae
283 859 381 939 Magni
403 879 574 941 cognomen.
619 862 829 942 Ptolemaeum,
855 865 891 926 de
910 882 966 946 quo
982 865 1084 942 retuli,
1109 873 1138 925 et
1157 889 1221 947 qu·

134 943 304 1003 arcessitum
330 963 348 1004 e
376 943 484 1023 regno'.
497 955 526 1006 et
551 955 704 1026 exceptum
728 947 904 1027 honorilice,
937 966 995 1010 non
1021 948 1075 1010 alia
1101 949 1137 1011 de

134 1043 222 1087 cansa
239 1037 362 1108 repente
377 1030 539 1110 percussit,
568 1049 652 1111 quam
668 1031 761 1111 quod,
793 1032 898 1094 edente
915 1052 947 1094 se
962 1051 1074 1110 munus,
1095 1035 1136 1092 in·

95 1124 266 1189 regressum
282 1113 453 1193 spectacula
465 1116 646 1175 convertisse
661 1114 806 1176 bominum
822 1118 924 1177 oculos
939 1116 1056 1196 fulgore
1069 1134 1136 1196 pur-

132 1212 242 1273 pureae
258 1195 374 1257 abollae
393 1197 601 1260 animadvertit.
632 1198 772 1260 Pulchros
788 1209 818 1260 et
831 1210 977 1277 comatos,
1002 1201 1136 1280 quotiens

132 1277 189 1338 sibi
219 1290 422 1358 occurrerent,
454 1283 591 1363 occipitio
620 1300 687 1343 raso
719 1283 899 1364 deturpabat.
948 1284 1020 1346 Erat
1049 1283 1136 1344 Esius

131 1362 272 1424 Proculus
292 1373 374 1444 patre
395 1366 579 1445 primipilari,
608 1365 646 1427 ob
670 1369 820 1446 egregiam
842 1370 977 1449 corporis
1005 1368 1135 1446 amplitu-

132 1445 227 1506 dinem
250 1457 279 1508 et
301 1450 431 1527 speciem
454 1447 631 1512 Colosseros
651 1450 758 1520 dictum
788 1451 864 1512 bunc
886 1450 1063 1532 spectaculis
1086 1451 1135 1510 de·

1 1578 3 1599 ,
92 1540 254 1592 retractum
283 1540 407 1612 repente
441 1543 470 1594 et
498 1534 527 1594 in
551 1534 687 1596 harenam
711 1533 863 1596 deductum
885 1535 991 1597 l'hreci
1013 1544 1042 1596 et
1067 1551 1136 1596 mox

89 1658 92 1662 -
130 1614 327 1695 hoplomacho
359 1619 551 1697 comparavit,
579 1616 684 1698 bisque
711 1621 851 1680 rictorem
882 1619 1043 1696 constringi
1071 1620 1134 1678 sine

128 1715 213 1760 mora
227 1701 310 1760 iussit
325 1709 354 1760 et
372 1703 475 1779 pannis
492 1700 615 1763 obsitum
635 1703 750 1763 vicatim
767 1703 940 1764 circumduci
957 1721 990 1762 ac
1010 1702 1134 1762 mulieri·

128 1781 184 1842 bus
205 1782 335 1861 ostendi,
359 1784 461 1846 deinde
483 1786 615 1863 iugulari.
660 1785 762 1848 Nullus
784 1786 908 1867 denique
925 1796 982 1847 tam
1000 1785 1133 1847 abiectae

129 1866 310 1928 condicionis
325 1877 439 1974 tamqpe
460 1879 608 1931 extremae
629 1870 715 1930 sortis
737 1870 806 1947 luit,
836 1873 917 1930 cuius
937 1879 1132 1930 noncommo·

88 1949 380 2012 zodtsobtrectaret.
423 1951 597 2015 Nemorensi
623 1956 704 2032 regi,
730 1954 806 2034 quod
830 1953 934 2016 multos
962 1956 1018 2014 ianr
1043 1969 1134 2013 annos

127 2043 283 2116 poteretur
311 2036 494 2114 sacerdotio,
531 2038 701 2100 validiorem
730 2037 925 2098 adversarium
955 2037 1132 2098 subornavit.

128 2116 201 2179 cum
227 2119 350 2198 quodam
376 2119 433 2180 die
449 2124 574 2182 muneris
600 2122 749 2184 essedario
769 2121 873 2199 Porio,
903 2121 940 2184 ob
961 2135 1133 2201 prosperam

8 2261 12 2268 .
127 2220 256 2282 pugnam
278 2201 394 2265 serrum
415 2223 495 2266 suum
516 2208 738 2284 manumittenti,
765 2206 920 2266 studiosius
940 2205 1071 2286 plausum
1087 2221 1131 2263 es·

127 2296 190 2363 set,
219 2289 258 2347 ita
280 2289 422 2369 proripuit
446 2307 478 2349 se
499 2291 695 2370 spectaculis,
727 2299 757 2350 nt
778 2289 889 2350 calcata
913 2289 1016 2350 lacinia
1043 2297 1132 2364 togae

1 2425 2 2430 ,
87 2393 116 2432 as
127 2388 275 2452 praeceps
293 2390 346 2452 per
361 2371 469 2452 gradus
484 2375 553 2450 iret,
577 2373 805 2453 indignabundus
820 2382 849 2433 et
868 2373 1016 2434 clamitans
1036 2370 1131 2431 domi·

125 2473 200 2516 uum
219 2458 353 2534 paudum
370 2456 521 2536 populum
545 2476 584 2518 eu
601 2476 638 2520 re
655 2456 813 2518 leuissimo
825 2457 900 2535 plue
918 2454 1046 2516 bonoria
1063 2453 1131 2533 qlo-

127 2538 247 2600 dt'utori
279 2538 458 2601 tribuentem
494 2559 586 2621 quam
621 2539 811 2606 consecratis
844 2536 1041 2619 principibus
1080 2542 1134 2597 cut

121 2623 287 2701 praesenti
301 2622 371 2685 eibi.
670 2699 674 2706 ι

196 2705 354 2767 Pudicitiae
376 2726 471 2787 neque
487 2727 557 2768 suae
573 2726 667 2790 neque
682 2708 795 2770 alienae
815 2707 959 2787 pepercit.
993 2704 1032 2765 ll.
1046 2703 1129 2782 bepi-
1140 2713 1175 2768 36

1 2811 15 2858 t·
88 2790 209 2868 udum,
241 2790 417 2870 Mnesterem
438 2793 655 2871 pantomimum,
686 2790 824 2872 quosdam
852 2789 970 2851 obsides
993 2787 1211 2886 dilexisseptu·

125 2875 219 2934 fertur
240 2876 415 2935 commercio
438 2876 525 2935 mutui
551 2877 653 2954 stupri.
697 2873 833 2936 Valerius
856 2871 1000 2948 Catullus,
1028 2887 1131 2930 cousu-

124 2958 180 3018 lari
200 2959 308 3020 familia
322 2960 448 3035 iuvenis,
480 2966 638 3038 stupratum
655 2977 671 3020 a
687 2977 720 3018 se
738 2976 773 3020 ae
789 2957 882 3019 latera
903 2957 957 3017 sibi
979 2953 1131 3015 contuber·

124 3043 175 3101 nio
193 3045 256 3102 eius
276 3042 393 3102 defessa
416 3043 502 3103 etiam
524 3043 701 3104 vociferatus
723 3051 777 3102 est.
822 3043 917 3121 Super
937 3045 1067 3101 sororum
1089 3040 1132 3098 in-

125 3135 208 3186 cesta
236 3135 266 3186 et
293 3126 471 3186 notissimum
491 3128 662 3205 prostitutae
683 3125 835 3202 Pyrallidis
856 3141 981 3185 amorem
1006 3139 1063 3181 non
1089 3129 1132 3180 te·

87 3227 207 3272 eernere
221 3209 280 3270 nlla
295 3209 461 3270 inlustriore
476 3209 582 3270 femina
600 3209 749 3280 abstinuit;
780 3227 850 3288 quas
876 3206 1044 3288 plerumque
1067 3219 1131 3263 curn

120 3295 235 3354 maritis
250 3293 286 3354 ad
301 3311 420 3354 caenam
436 3302 556 3354 vocatas
572 3301 747 3373 praeterque
763 3292 855 3373 pedes
873 3307 942 3351 suos
957 3287 1133 3348 transeuntis

119 3377 282 3455 ‘diiigenter
297 3363 430 3438 a'c‘lentc
446 3377 632 3438 mercantium
651 3394 731 3438 more
753 3372 965 3449 considerabat,
982 3373 1067 3431 etiam
1088 3369 1131 3432 ia-

126 3462 201 3522 oiem
215 3479 299 3522 manu
317 3461 471 3540 adlevans,
500 3462 614 3542 siquae
631 3460 743 3541 pudore
762 3458 974 3526 submitterent:
996 3455 1132 3562 (Quas

217 3591 544 3668 ίςνᾱιᾶῑκιᾚμξ
568 3607 824 3668 'insscrssppgqp'
