2438 3872
589 191 692 241 nnnc.
1086 180 1144 244 183

208 348 295 407 Suam
311 346 425 425 quidem
441 346 604 425 pudicitiam
619 366 710 427 nsque
728 349 801 411 adeo
816 347 973 429 prostituit,
994 357 1025 408 ut
1046 358 1187 412 conta-29

145 431 257 490 minatis
273 448 368 509 poene
385 431 516 490 omnibns
531 430 667 492 membris
682 435 839 494 notissime
856 435 937 512 quasi
953 451 1046 510 genus
1064 432 1143 492 lusus

146 517 340 591 excogitaret,
357 531 415 593 quo
435 514 517 576 ierae
540 514 619 594 pelle
641 525 791 578 contectus
815 518 994 578 emitteretur
1014 535 1032 576 e
1054 533 1142 576 cauea

146 600 330 675 uirorumque
351 616 386 659 ac
409 598 577 659 feminarum
599 599 634 660 ad
660 602 785 680 stipitem
812 601 1003 679 deligatorum
1029 602 1142 676 inguina

122 681 306 758 simvaderet,
322 691 350 742 et
373 701 436 742 cum
455 683 561 744 aliatim
583 681 775 764 desaevisset,
796 687 989 746 conficeretur
1010 703 1026 744 a
1050 684 1142 758 Dory-

146 767 241 844 phoro
256 765 377 836 liberto;
395 768 440 826 cni
456 768 551 844 etiam,
568 769 643 828 sicut
659 769 715 848 ipsi
732 770 855 848 Sporus,
872 772 909 832 ita
921 771 985 849 ipse
999 768 1142 846 denupsit,

146 868 237 910 voces
254 867 369 929 quoque
385 859 414 910 et
428 850 571 912 heiulatus
584 853 641 912 uim
660 855 827 931 patientium
848 855 990 930 virginum
1010 854 1141 912 imitatus.

145 933 192 994 Ex
205 932 350 994 nonnullis
359 935 490 1013 comperi
501 938 751 1013 persuasissimum
763 937 899 999 babuisse
911 955 986 1013 eum,
997 936 1144 998 neminem

145 1018 294 1079 bominem
306 1017 452 1097 pudicum
466 1026 523 1079 cut
533 1019 599 1080 ulla
613 1021 756 1098 corporis
766 1029 860 1099 parte
869 1040 982 1100 purum
1000 1037 1077 1094 erre,
1092 1037 1141 1079 oe-

1 1165 2 1168 ,
110 1122 214 1168 torum
241 1102 407 1182 plerosque
431 1103 630 1164 dissimulare
652 1104 759 1166 citium
786 1113 815 1166 et
841 1105 955 1166 callide
978 1110 1122 1182 optegere
1128 1128 1143 1174 ;

144 1185 270 1266 ideoque
288 1186 431 1264 professis
447 1187 522 1266 apud
539 1206 572 1247 se
588 1190 797 1249 obscenitatem
818 1199 916 1250 cetera
937 1205 1053 1267 quoqne
1076 1205 1167 1282 con-2

146 1271 273 1332 cessisse
290 1269 404 1330 delleta.
937 1345 940 1348 Ι
1140 1278 1155 1289 “

207 1354 375 1414 Diuitiarum
391 1364 420 1415 et
435 1358 576 1433 pecuniae
591 1357 714 1417 fructum
731 1374 789 1416 non
810 1357 895 1416 alium
919 1355 1036 1435 putabat
1057 1373 1140 1433 quam
1152 1360 1187 1415 30

146 1439 355 1517 profusionem,
371 1439 520 1500 sordidos
535 1457 575 1501 ce
588 1440 743 1518 deparcos
764 1458 833 1500 esse
854 1438 967 1519 quibus
988 1438 1141 1517 impersc-

108 1541 214 1588 rsrum
231 1522 315 1583 ratio
339 1529 505 1596 constaret,
525 1525 711 1601 praelautos
736 1541 867 1602 vereque
891 1522 1072 1602 magnificos
1092 1522 1146 1602 qui

146 1605 346 1668 abuterentur
361 1623 400 1667 cc
413 1608 588 1685 perderent.
632 1607 777 1670 Laudabat
792 1608 1003 1685 mirabaturque
1019 1624 1142 1665 avuncu-

145 1689 203 1750 lum
220 1690 318 1752 Gaium
332 1691 412 1751 nullo
427 1693 520 1768 magis
538 1695 663 1768 nomine,
679 1709 762 1771 quam
782 1692 859 1771 quod
882 1693 1007 1769 ingentis
1025 1709 1040 1748 a
1058 1689 1143 1757 Tibe·
1158 1709 1197 1770 pp

144 1777 190 1836 rio
213 1766 331 1835 relictas
353 1792 428 1853 opes
448 1777 476 1834 in
496 1773 579 1835 brevi
603 1777 697 1854 spatio
721 1775 917 1854 prodegisset.
936 1774 1060 1849 sQuare
1088 1791 1144 1832 nec

39 1915 47 1928 ,
144 1858 288 1936 largiendi
303 1877 358 1918 nec
374 1858 541 1920 absumendi
556 1858 670 1926 modum
686 1860 786 1920 tenuit.
828 1859 861 1919 ln
878 1858 1048 1932 Tiridatem,
1067 1855 1158 1934 qnod'

106 1963 135 2004 ao
146 1944 195 2002 vix
212 1942 352 2002 credibile
366 1943 510 2022 uideatur,
527 1946 682 2020 octingena
698 1961 839 2004 nummum
858 1944 935 2002 milia
958 1942 1057 2002 diurna
1079 1957 1144 1999 ero-

145 2027 226 2104 gavit
241 2026 416 2106 abeuntique
431 2045 520 2106 super
535 2029 698 2088 sestertium
713 2028 807 2086 milies
823 2027 951 2088 contulit.
995 2025 1144 2086 llleneora-

145 2121 194 2170 ten
211 2110 405 2172 citbaroedum
420 2120 450 2172 et
465 2111 613 2190 Spiculum
624 2111 833 2186 myrmillonem
845 2109 1055 2189 triumphalium
1068 2109 1143 2166 viro-

145 2213 208 2254 rum
222 2196 400 2273 patrimoniis
421 2194 598 2275 aedibusque
619 2195 745 2256 donavit.
791 2194 1034 2273 Cercopithecum
1052 2192 1143 2253 Pane·

1 2325 2 2362 ,
145 2288 239 2338 rotem
253 2279 459 2356 feneratorem,
476 2289 506 2340 et
520 2279 636 2340 urbanis
652 2280 825 2358 rusticisque
840 2279 966 2357 praediis
982 2276 1143 2354 locupleta·
1161 2327 1166 2338 .

1 2365 2 2368 ’
109 2371 215 2440 ratum,
232 2379 326 2441 prope
342 2367 426 2441 regio
443 2363 545 2424 extulit
560 2364 671 2423 iuuere.
715 2362 830 2424 Nullam
844 2371 955 2424 uestem
978 2361 1022 2420 bis
1044 2359 1142 2418 induit.

147 2446 361 2524 Quadringenis
375 2449 403 2507 in
419 2457 555 2527 punctum
572 2449 715 2508 sestertiis
732 2447 826 2508 aleam
840 2447 917 2506 lusit.
952 2443 1083 2506 Piscatus
1099 2451 1145 2500 est

1 2509 8 2594 l
109 2555 112 2560 ·
146 2539 210 2590 rete
228 2541 327 2591 aurato
343 2540 372 2591 et
387 2550 514 2611 purpura
537 2548 690 2608 coccoque
712 2529 826 2590 funibus
849 2531 941 2589 nexis.
985 2526 1144 2604 Numquam

145 2615 238 2673 minus
252 2613 331 2674 mille
349 2617 475 2676 carrucis
491 2616 598 2675 iecisse
614 2616 669 2673 iter
684 2614 818 2686 traditur,
840 2613 930 2673 soleis
947 2609 1084 2671 mularum
1099 2627 1144 2666 ar-

146 2700 270 2775 genteis,
296 2702 469 2760 canusinatis
490 2697 672 2774 mulionibus,
691 2697 830 2768 a'rmilleta
850 2690 1029 2773 falerataque
1050 2693 1144 2754 llata-

109 2803 136 2846 eo
148 2799 212 2842 cum
225 2781 307 2844 turba
324 2792 410 2861 atque
426 2801 584 2843 cursorum.
1130 2827 1140 2834 -

209 2864 275 2926 Non
289 2868 317 2926 in
332 2865 389 2928 alia
404 2886 436 2928 re
451 2877 544 2928 tamen
560 2867 723 2928 damnosior
739 2885 822 2945 quam
838 2868 867 2937 in
883 2861 1073 2938 aedificando,
1090 2859 1139 2920 do·
1152 2867 1188 2922 31

147 2967 222 3020 mum
237 2969 254 3010 a
269 2949 378 3011 Palatio
394 2951 538 3030 Esquilias
554 2969 644 3030 nsque
661 2951 741 3026 iecit,
758 2969 842 3028 quam
858 2949 950 3027 primo
969 2947 1143 3006 transito·

147 3036 250 3108 riamss,
267 3039 335 3094 mox
348 3036 482 3098 incendio
498 3031 675 3113 absumptam
691 3037 908 3112 restitutamque
928 3048 1074 3092 auream
1095 3045 1144 3086 no-

146 3117 272 3186 minavit.
289 3169 291 3174 ,
308 3117 353 3179 lle
369 3121 450 3180 cuius
462 3121 556 3198 spatio
569 3129 654 3198 atque
667 3118 743 3178 cultu
756 3119 903 3178 sullecerit
915 3116 988 3176 haec
1000 3111 1145 3172 retulisse.

2 3241 8 3285 3
108 3219 135 3262 ae
148 3201 329 3273 Vestibulum
344 3205 406 3262 eins
423 3204 483 3280 luit,
501 3204 529 3262 in
545 3220 603 3282 quo
619 3201 753 3263 colossus
770 3200 850 3262 CXX
864 3200 968 3279 pedum
990 3205 1080 3256 staret
1103 3195 1145 3273 ip-

147 3285 213 3348 sius
231 3287 345 3370 elligie;
366 3297 444 3348 tanta
459 3287 574 3362 laxitas,
590 3297 620 3346 ut
635 3287 765 3365 porticus
788 3285 920 3363 triplices
941 3280 1077 3339 miliarias
1096 3278 1145 3338 ba-

146 3371 244 3439 beret}
261 3371 330 3430 item
348 3380 478 3448 stagnum
491 3372 576 3432 maris
591 3371 689 3446 instar,
706 3373 945 3445 circumsaeptum
959 3361 1099 3424 aediliciis
1110 3360 1147 3448 ad

147 3453 258 3515 urbium
274 3457 416 3534 speciem:
433 3473 499 3514 rura
515 3455 651 3533 insuper,
668 3455 745 3513 aruis
766 3462 851 3531 atque
874 3451 977 3510 vinetis
1004 3454 1033 3505 et
1050 3447 1148 3541 pascis

1120 3547 1168 3588 ’,ω
1182 3533 1192 3580 ἱ

107 3621 178 3737 „u
338 3627 441 3701 “sss
466 3647 618 3709 eoae
