2444 3872
504 131 675 182 ursmarus,
1062 121 1104 188 89

10 339 12 366 2
97 284 190 366 polim
209 283 261 344 snb
283 285 474 364 inruptionem
491 285 583 346 bostis
603 287 747 364 navigium
768 287 841 349 clam
862 288 988 366 petentis
1004 290 1103 364 vagitu

10 369 14 442 l
97 386 153 430 ano
173 386 267 448 paone
288 367 333 430 bis
353 368 494 449 prodidit,
518 369 610 432 semel
626 387 690 430 cum
706 389 722 432 a
737 372 855 432 nutricis
871 369 978 448 ubere,
1000 371 1103 432 iterum

10 453 11 460 ’
97 471 165 514 cnm
183 470 199 512 a
214 453 276 512 sinu
291 454 390 514 matris
411 455 515 533 raptim
535 453 696 514 auferretur
711 454 747 514 ab
762 456 811 532 iis,
835 455 882 534 qui
903 470 958 532 pro
975 460 1103 517 necessi·

10 438 28 685 ἢ
96 545 158 597 tate
175 539 313 614 temporis
330 536 514 598 mulierculas
529 537 630 598 levare
648 555 738 598 onere
755 536 942 617 temptabant.
986 538 1043 598 Per
1059 541 1102 601 Si·

73 621 194 681 tcnliana
206 638 320 700 quoque
337 630 367 681 et
380 639 434 701 per
443 621 582 683 Achaiam
593 622 812 701 circumductus,
824 640 859 682 ac
868 621 1104 684 Lacedaemoniis

24 702 28 723 ¹
96 703 228 784 publice,
246 702 322 784 quod
335 707 363 776 in
378 706 469 768 tutela
485 703 668 767 Claudiorum
684 716 775 784 erant,
793 703 988 784 demandatus,
1007 706 1104 785 digre-

97 789 182 849 diens
203 788 268 849 inde
288 791 391 850 itinere
406 799 547 851 nocturno
565 789 718 850 discrimen
733 792 811 852 vitae
826 789 909 866 adiit,
932 789 1043 851 llamma
1057 809 1102 876 ΓΞ·

10 911 12 946 ÷
96 881 187 972 RQ
211 891 228 932 e
250 871 331 934 silvie
352 873 476 952 undique
499 883 616 951 exorta,
644 874 775 954 adeoque
802 891 914 935 omnem
940 877 1103 936 comitatum

98 957 312 1036 circumplexa,
335 966 365 1017 ut
384 957 482 1018 Liviae
506 976 574 1038 pars
594 961 684 1018 restis
707 968 737 1018 et
757 958 857 1037 capilli
875 956 1101 1020 amburerentur.

63 1040 235 1119 rollunera,
258 1040 360 1120 quibus
376 1060 392 1102 a
408 1041 560 1121 Pompeia,
585 1043 654 1102 Sex.
674 1042 795 1122 Pompei
812 1059 931 1118 sorore,
955 1044 983 1103 in
1004 1042 1103 1102 Sicilia

98 1125 221 1185 donatus
237 1132 291 1200 est,
308 1124 407 1186 clamis
426 1135 456 1190 ct
469 1119 557 1187 fibula
569 1130 637 1186 item
649 1123 745 1187 bullae
760 1142 876 1204 aureae,
892 1125 993 1186 durant
1005 1135 1102 1186 osten·

98 1208 259 1288 dunturque
275 1207 367 1269 adbuc
379 1207 455 1270 Bais.
482 1210 552 1270 Post
565 1210 688 1271 reditum
702 1212 730 1270 in
745 1209 846 1271 urbem
861 1227 877 1269 a
891 1208 930 1269 ll.
947 1209 1040 1271 Gallio
1056 1227 1101 1270 se·

96 1293 201 1352 na‘tore
212 1300 384 1353 testamento
396 1292 558 1378 adoptatus,
566 1292 726 1355 hereditate
743 1294 819 1354 adita
831 1310 899 1353 mox
910 1296 1024 1354 nomine
1036 1292 1101 1353 aba·

97 1376 195 1452 tinuit,
211 1375 287 1455 quod
301 1376 409 1437 Gallius
426 1376 611 1439 adversarum
626 1377 759 1455 Augusto
775 1379 898 1457 partium
916 1376 1019 1438 inerat.

20 1533 24 1541 ¹
63 1479 88 1520 re
160 1456 274 1519 Novem
285 1469 368 1520 natus
381 1478 470 1522 annos
486 1461 650 1522 defunctum
662 1471 773 1539 patrem
785 1479 839 1539 pro
852 1463 953 1520 rostris
965 1461 1100 1522 laudavit.
1172 1497 1199 1531 ‚·

96 1541 211 1603 Dehinc
232 1541 398 1622 pubescens
412 1543 535 1605 Actiaco
550 1545 693 1624 triumpho
713 1563 825 1606 currum
845 1541 969 1620 Augusti
984 1548 1100 1605 comita
1126 1540 1142 1586 ·'

97 1636 144 1686 tus
160 1635 206 1686 est
220 1627 400 1688 sinisteriore
411 1627 504 1689 funali
520 1647 607 1708 equo,
624 1647 687 1688 oum
701 1628 856 1690 Marcellus
872 1626 1010 1688 Octaviae
1026 1628 1101 1688 lilius

98 1709 267 1772 dexteriore
281 1711 446 1772 ueheretur.
491 1709 641 1773 Praesedit
655 1721 685 1772 et
699 1713 796 1772 asticis
813 1710 901 1787 ludis,
919 1720 949 1770 et
963 1709 1101 1772 Troiam*

99 1792 290 1871 circensibus,
305 1794 407 1856 doctor
420 1804 529 1856 turmae
542 1813 695 1876 puerorum
711 1797 857 1856 maiorum.
972 1855 975 1862 ,

10 1883 12 1902 ⁵
62 1900 88 1942 ao
164 1879 250 1939 Virili
264 1887 334 1956 toga
349 1887 477 1957 sumpta,
497 1879 720 1940 adulescentiam
736 1897 848 1941 ornnem
863 1878 1043 1958 spatiumque
1059 1880 1126 1938 int

10 1957 13 1976 '
97 1965 247 2043 sequentis
274 1964 376 2024 aetatis
400 1982 491 2042 usque
516 1961 551 2024 ad
573 1965 751 2044 principatus
774 1965 853 2024 initia
872 1980 926 2040 per
945 1962 1018 2023 baec
1037 1962 1101 2022 lere

95 2047 251 2124 transegit.
279 2047 380 2108 liunus
395 2047 597 2125 gladiatorium
611 2049 639 2106 in
653 2049 817 2108 memoriam
834 2047 924 2127 patris
938 2055 968 2106 et
982 2046 1101 2106 alterum

95 2133 125 2192 in
141 2131 188 2192 avi
202 2129 289 2190 Drusi
311 2130 404 2208 dedit,
424 2131 548 2191 diversis
569 2131 747 2211 temporibus
770 2150 804 2192 ac
825 2131 915 2206 locis,
938 2132 1058 2209 primunr
1073 2132 1101 2189 in

96 2215 182 2290 loro,
199 2215 355 2275 secundum
374 2216 402 2274 in
420 2214 644 2295 amphitheatro,
666 2215 787 2276 rudiaris
805 2233 919 2295 quoque
934 2214 1102 2293 quibusdam
1141 2291 1149 2302 .

24 2314 28 2329 ¹
62 2299 246 2359 ²5revooatis
262 2308 477 2360 auctoramento
495 2308 645 2359 centenum
659 2299 779 2368 milium;
796 2299 873 2359 dedit
889 2306 918 2357 et
931 2297 1030 2376 ludos,
1049 2297 1101 2358 sed

98 2382 220 2443 absens:
237 2391 340 2443 cuncta
355 2384 525 2460 magnifice,
541 2385 661 2462 inpensa
673 2385 772 2444 matris
788 2401 822 2443 ac
838 2383 942 2442 vitrici.

160 2464 363 2544 Agrippinam,
377 2466 477 2527 llarco
492 2465 626 2547 Agrippa
642 2471 777 2545 genitam,
794 2474 910 2544 neptem
926 2463 1035 2524 Caecili
1050 2464 1101 2523 At-

95 2551 146 2610 tici
163 2549 309 2628 equitisR.
319 2550 354 2610 ad
371 2569 456 2629 quem
471 2548 694 2611 suntCiceronis
710 2550 862 2630 epistolae,
878 2548 1099 2616 duxituxorem;

97 2631 270 2712 sublatoque
288 2653 326 2694 ex
346 2652 382 2694 ea
397 2635 455 2694 lilio
472 2632 583 2712 Druso,
608 2651 767 2714 quanquam
785 2633 860 2693 bene
882 2632 1102 2693 convenientem

10 2725 12 2748 ἓ
62 2734 256 2796 eorursusque
278 2717 427 2795 gravidam
449 2717 605 2795 dimittere,
629 2737 664 2779 ac
677 2718 777 2778 Iuliam
791 2716 915 2794 Augusti
932 2715 1019 2776 liliam
1034 2732 1101 2776 con·

95 2801 194 2862 lestim
211 2811 330 2861 coactus
346 2810 390 2862 cst
406 2802 525 2879 ducere,
538 2821 595 2862 non
610 2805 672 2863 sine
686 2819 791 2880 magno
804 2817 914 2878 angore
931 2801 1024 2875 animi,
1038 2818 1102 2860 cnm

96 2894 127 2946 et
140 2883 323 2965 Agrippinae
340 2885 547 2946 consuetudine
562 2894 709 2947 teneretur
729 2895 758 2945 et
774 2885 864 2946 Iuliae
883 2902 979 2945 mores
996 2885 1101 2962 impro·
1181 2929 1209 2964 Α,

94 2969 195 3039 baret;
218 2978 346 3052 utquam
360 2971 501 3031 sensisset
516 2972 558 3029 sni
573 2988 688 3049 quoque
710 2969 763 3030 snb
778 2951 1147 3050 prioresmaritoappe-td
1161 2945 1182 2993 l·
1204 2966 1208 2980 ‘

94 3062 220 3131 tentem,
236 3052 313 3133 quod
327 3072 397 3114 sane
413 3055 499 3116 ctiam
514 3054 603 3132 vulgo
619 3053 844 3115 existimabatur.
889 3052 947 3113 Sed
961 3052 1099 3133 Agrippi-

18 3212 20 3218 ,
57 3156 160 3199 ranam
183 3146 213 3198 et
233 3137 369 3214 abegisse
381 3147 459 3217 ,post
475 3138 626 3198 divortium
647 3137 751 3215 doluit,
773 3148 803 3198 et
824 3137 914 3198 semel
932 3139 1045 3196 omnino
1062 3151 1100 3194 ex

10 3299 11 3304 ἵ
92 3241 220 3284 occursu
237 3221 418 3282 visamadeo
435 3224 577 3283 contentis
594 3230 624 3282 et
636 3222 797 3282 umentibus
817 3221 909 3282 oculis
927 3227 1100 3300 prosecutus

10 3309 11 3348 l
92 3317 154 3384 est,
181 3315 213 3366 ut
234 3304 406 3366 custoditum
427 3309 464 3365 sit
482 3323 519 3365 ne
541 3323 671 3385 umquam
686 3305 715 3365 in
732 3313 919 3385 conspectum
935 3305 962 3362 ei
977 3301 1100 3380 posthac

91 3393 217 3452 veniret.
265 3387 336 3449 Gom
350 3388 421 3451 lulia
437 3391 529 3470 primo
546 3389 731 3450 concorditer
746 3398 775 3450 et
790 3406 887 3452 amore
905 3394 999 3446 mutuo
1013 3386 1098 3452 vixit:

605 3526 623 3560 a
705 3578 712 3592 ·
750 3578 767 3600 »t
840 3559 860 3600 »ι

616 3593 715 3644 ,Λικμὶῇὗ
729 3601 732 3621 p
747 3598 770 3615 ,ιι
785 3593 848 3619 ww
863 3587 892 3611 »ab
