2438 3872
116 206 178 268 242
208 217 238 265 O.
255 216 405 266 SUETONI
422 216 549 274 TRANQ.
565 216 613 262 DE
630 216 713 262 VITA
732 213 914 264 CAESARUM
929 217 998 264 LIB.
1011 218 1087 265 vut.

118 372 282 450 transtulit)
308 381 436 432 ceterum
460 387 573 432 omnem
599 370 656 430 ιιιιι
682 370 881 431 dominationis
911 370 1119 432 tam'lioenter
1203 371 1204 376 ’

118 459 260 540 exercuit,
277 465 306 516 ut
320 457 376 516 iam
390 465 448 516 ιιιιιι
464 454 557 534 qualis
569 453 680 514 iuturus
692 462 772 514 osset
783 454 961 516 ostenderet.
988 454 1033 516 Ne
1046 473 1117 516 exe·
1200 427 1205 482 ι

118 559 190 620 quar
202 540 326 618 singula,
341 539 527 599 contractatis
542 537 693 598 multorum
708 539 862 614 uxoribus,
875 538 1028 600 Domitiam
1042 539 1116 601 Lon·

116 628 213 704 pinam
233 624 320 684 Aelio
336 623 451 682 Lamiae
471 631 587 701 nuptam
612 623 697 682 etiam
719 624 747 681 ιι
760 623 969 682 matrimonium
986 623 1116 701 abduxit,
1203 687 1204 690 ¹

117 719 201 790 atque
216 725 273 768 uno
289 707 335 767 die
352 724 440 785 super
455 705 520 768 XX
537 706 634 766 officia
649 706 757 766 urbana
776 715 825 766 aut
845 708 1002 785 peregrina
1022 706 1116 768 distri·
1105 732 1140 771 -s

116 794 186 870 buit,
203 792 317 852 mirari
325 808 360 852 sc
371 790 553 868 Vespasiano
566 789 724 866 dictitante,
739 790 823 870 quod
833 808 1043 852 successorem
1054 809 1123 852 non

54 885 145 980 pet
157 875 219 938 etta·
238 877 377 936 mitteret
421 873 644 954 Expeditionem
668 891 785 953 qnoque
804 877 832 934 in
856 873 977 936 Galliam
998 874 1116 936 Germa-

116 964 235 1041 niasque
249 978 344 1040 neque
356 958 551 1021 necessariam
566 966 595 1017 et
616 957 846 1032 dissuadentibus
867 961 996 1039 paternis
1016 959 1117 1020 anaieis
1205 993 1206 996 =

114 1045 272 1122 inchoarit,
290 1053 396 1106 tanturn
411 1052 442 1102 ut
455 1043 535 1103 fratri
557 1059 591 1102 se
611 1051 640 1102 et
660 1039 766 1121 opibus
791 1052 821 1103 et
840 1041 1007 1121 dignatione
1031 1043 1116 1104 adae-

136 1138 226 1190 naret
1128 1145 1154 1184 ro

116 1149 133 1210 q
178 1213 221 1272 0b
237 1212 311 1272 haec
329 1219 500 1289 correptus,
522 1228 580 1290 qno
594 1213 691 1288 magis
709 1220 738 1271 et
759 1213 863 1273 aetatis
886 1222 915 1273 et
940 1212 1116 1276 conditionis

89 1311 93 1318 ‘
115 1297 328 1372 admoneretur,
342 1293 490 1354 habitabat
505 1313 567 1354 cum
584 1304 666 1374 patre
680 1311 744 1373 una,
758 1293 919 1376 sellamque
937 1299 1000 1357 eius
1011 1314 1046 1357 ac
1057 1298 1115 1359 ira·

9 1429 10 1432 ,
115 1382 183 1457 tris,
207 1381 340 1458 quotiens
363 1376 530 1456 prodirent,
565 1378 670 1439 lectica
691 1379 866 1458 sequebatur
888 1398 922 1440 ac
942 1381 1116 1460 triumphum

113 1467 262 1543 utriusque
280 1463 425 1522 ludaicum
441 1478 517 1540 equo
533 1461 601 1522 albo
619 1464 768 1523 comitatus
786 1463 910 1524 estin
932 1481 986 1526 sex
1010 1482 1114 1526 consn·

63 1595 87 1608 a„
114 1549 219 1610 latibus
235 1548 347 1608 nonnisi
370 1565 454 1605 unum
478 1543 650 1606 ordinarium
669 1547 777 1624 gessit,
784 1565 916 1627 ‚eumque
935 1549 1057 1610 cedente
1078 1568 1154 1615 acas

114 1633 290 1710 suffragante
305 1632 404 1691 lra.tre
436 1627 585 1690 Simulavit
600 1639 628 1690 et
643 1647 707 1708 rpse
722 1648 793 1690 mne
807 1631 993 1709 modestiam
1011 1651 1040 1692 ιι
1054 1652 1113 1714 prr
1207 1635 1208 1640 ’

113 1718 226 1795 misque
241 1717 376 1795 poeticae
393 1712 525 1790 ιιιιιιιιιιι,
540 1723 597 1774 tarn
608 1713 750 1774 insuetum
766 1724 851 1774 antea
866 1715 921 1775 sibi
937 1735 1022 1795 quarn
1033 1725 1112 1796 post·

9 1837 11 1878 3
115 1819 149 1861 ea
169 1809 298 1888 spretum
322 1806 351 1858 et
378 1797 538 1874 abiectum,
563 1799 753 1876 recitavitque
775 1799 859 1858 etiarn
885 1799 1013 1877 publice
1048 1800 1113 1860 Nec

9 1921 11 1946 ι
114 1895 208 1946 tamen
224 1900 259 1944 eo
276 1883 377 1960 setius,
394 1900 458 1942 cum
473 1881 661 1960 Vologaesus
676 1880 846 1942 Parthorum
865 1900 917 1944 rex
937 1885 1042 1944 auxilia
1064 1885 1111 1945 ad-

10 1993 14 2034 1·
113 1987 216 2028 vorens
232 1967 344 2028 Alanos
358 1965 517 2046 ducamque
534 1966 654 2026 alterurn
669 1984 706 2026 ex
722 1967 894 2066 Vespasiani
907 1967 1008 2030 liberis
1021 1968 1112 2048 depo·
1122 1993 1153 2034 ao

114 2055 269 2134 poseisset,
286 2053 362 2111 omni
378 2067 436 2130 ope
452 2050 600 2112 contendit
615 2052 668 2110 ut
659 2067 725 2129 ipse
740 2052 919 2130 potissimum
934 2054 1111 2122 mitteretur;

11 2161 12 2164 ¹
83 2159 90 2245 p
114 2145 142 2196 et
155 2138 220 2215 quia
235 2135 366 2196 discussa
383 2153 431 2194 res
447 2142 501 2212 est,
518 2133 590 2195 alios
606 2133 745 2194 Orientis
751 2153 842 2213 reges
863 2145 893 2196 ut
914 2135 991 2198 idem
1012 2145 1113 2216 postn-

84 2221 206 2280 nlarent
225 2219 307 2278 donis
323 2236 357 2278 ac
374 2178 632 2298 pollicitationibus
647 2217 809 2280 sollicitare
819 2223 984 2300 temptauit.

10 2339 19 2375 i,
72 2309 139 2382 Γ
174 2303 258 2364 Patre
274 2303 422 2380 defuncto,
439 2302 486 2363 diu
502 2311 702 2362 cunctatnsan
717 2302 833 2382 duplum
850 2303 1014 2368 donativum
1030 2304 1114 2366 militi

55 2403 59 2410 ·
113 2388 273 2465 ollerret,
270 2405 421 2466 numquam
435 2389 542 2447 iactare
563 2385 701 2446 dubitavit
723 2386 863 2449 relictum
877 2405 912 2449 se
925 2387 1152 2468 participans

110 2473 243 2552 imperii,
257 2472 314 2534 sed
327 2469 472 2548 frondem
487 2476 665 2532 testamento
684 2469 876 2544 adhibitam
898 2487 993 2552 neque
1014 2491 1115 2534 cessa·

100 2559 153 2616 *rit
168 2575 206 2617 ex
223 2573 259 2616 eo
275 2555 393 2618 insidias
409 2564 520 2616 struere
541 2555 622 2616 fratri
641 2552 714 2614 clam
732 2555 904 2634 palamque,
929 2555 1025 2655 quoad
1047 2575 1115 2618 cor·
1179 2605 1182 2608 .

111 2649 224 2718 raptum
239 2658 321 2718 gravi
315 2637 509 2715 valitudine,
531 2641 610 2717 prins
633 2655 716 2716 quam
738 2639 824 2717 plane
850 2639 964 2700 afflaret
979 2641 1113 2718 animam,

111 2741 165 2805 pro
182 2733 295 2785 mortuo
317 2723 414 2784 deseri
436 2725 535 2802 iussit;
562 2722 784 2802 defunctumque
804 2723 883 2783 nullo
908 2715 1115 2802 praeterquam

113 2809 343 2868 consecrationis
355 2806 466 2870 honore
482 2806 628 2886 dignatus,
650 2823 741 2885 saepe
758 2808 844 2868 etiam
863 2808 971 2929 carpsit
986 2807 1115 2887 obliquis
1125 2833 1152 2874 so

27 2899 110 2995 *x
112 2890 291 2953 orationibus
307 2899 337 2952 et
352 2891 465 2952 edictis.

30 2975 126 3049 3·
172 2974 273 3036 lnter
265 2977 343 3036 rnitia
361 2978 540 3076 principatus
556 2974 664 3037 cotidie
680 2983 824 3036 secretum
846 2975 900 3036 sibi
915 2975 1051 3036 bonarum
1065 2995 1114 3038 sn·

111 3078 191 3122 mere
206 3059 331 3137 solebat,
346 3061 566 3141 necquicquam
583 3057 705 3139 amplius
719 3077 805 3139 qnam
819 3077 932 3122 muscus
945 3069 1066 3138 captare
1077 3079 1115 3124 ao

112 3143 179 3206 stilo
205 3152 362 3224 praeacuto
390 3145 554 3223 oonbgere;
581 3153 612 3204 nt
635 3143 746 3205 cuidam
769 3145 976 3222 interroganti,
984 3153 1114 3206 essetne
1206 3179 1209 3186 ·

112 3231 176 3308 quis
193 3229 268 3289 intus
284 3245 348 3288 cnm
365 3225 509 3306 Caesare,
525 3246 582 3288 non
598 3227 723 3290 absurde
737 3245 910 3307 responsum
931 3229 968 3288 sit
987 3246 1004 3290 a
1023 3227 1150 3289 Vibioas

112 3312 229 3411 crispo,
247 3329 286 3373 ne
300 3330 438 3374 muscam
452 3312 582 3392 quidem
611 3310 724 3374 Deinde
743 3329 863 3374 uxoren
883 3308 1052 3389 Domitiam,
1074 3329 1113 3372 en

112 3414 168 3476 qna
190 3396 367 3456 insecundo
391 3413 442 3456 suo
470 3395 620 3456 consulatu
640 3396 728 3457 lilium
754 3394 859 3458 tulerat
881 3395 934 3434 *ι*
959 3394 1114 3476 alteroque

113 3493 188 3536 anno
202 3478 391 3538 consalutauit
401 3476 574 3556 Angustam
589 3475 718 3558 eandem,
733 3480 843 3542 Paridis
855 3478 1002 3540 histrionis
1013 3497 1114 3540 amore
