2444 3872
129 135 174 196 90
218 143 248 192 e.
265 142 415 192 sunuoru
430 144 557 205 uerno.
573 145 622 193 nu
635 145 717 195 vmn
732 145 915 194 caesanam
927 145 995 193 nra.
1009 145 1061 195 111.

132 317 201 362 mox
215 299 350 377 dissedit,
372 308 402 360 et
417 300 561 380 aliquanto
576 301 711 378 gravius,
734 308 765 359 ut
784 300 869 360 etiarn
889 307 1033 379 perpetuo
1053 317 1139 360 secu·

133 384 233 462 haret,
250 386 415 464 intercepto
430 385 585 446 communis
604 383 645 444 uli
659 386 801 464 pignore,
822 385 870 463 qui
884 382 1037 462 Aquileiae
1053 392 1138 445 natus

131 468 227 530 inians
248 469 392 531 extinctas
419 477 474 530 est.
516 466 639 528 Drusum
662 469 782 528 iratrern
805 468 834 527 in
858 466 1009 528 Germania
1032 468 1136 546 amisit,

133 555 214 614 cuius
229 570 352 633 corpus,
375 551 497 632 pedibus
512 561 573 613 toto
588 553 691 613 itinere
707 549 934 631 praegrediens,
954 551 1075 612 Romam
1090 571 1136 612 us-

134 656 190 717 que
206 637 351 717 pervexit.
1149 653 1163 692 a

100 741 124 797 3
196 721 328 784 Givilinm
346 721 506 784 ciliciorum
526 719 693 781 rudimentis
709 737 811 798 regem
825 719 1000 782 Archelaum
1017 717 1137 781 Trallia-

133 826 187 870 nos
202 816 232 868 et
246 803 423 883 Thessalos,
443 807 523 866 varia
539 822 671 884 quosque
692 803 728 864 de
745 821 848 883 causa,
870 803 1003 882 Augusto
1028 821 1137 881 cogno-

133 899 236 955 scente
248 889 391 960 defendit:
407 906 463 969 pro
473 888 644 950 Laodicenis
656 888 838 964 Thyatirenis
850 886 939 967 Glriis,
951 896 1048 948 terrae
1059 895 1138 949 motu

134 977 249 1038 aillictis
260 991 406 1055 opemque
419 971 647 1072 implorantibus,
660 981 789 1032 senatum
802 972 977 1072 deprecatus
989 979 1049 1042 est;
1064 971 1137 1033 Fan·

132 1065 209 1122 nium
222 1058 411 1139 Caepionem,
428 1059 552 1136 quicum
567 1059 701 1140 Varrone
714 1055 856 1118 Murena'
847 1074 876 1116 ιιι
890 1055 1050 1135 Augustum
1066 1073 1136 1117 con·
1126 1072 1175 1114 -so
1207 1111 1209 1142 ,

132 1147 314 1224 spiraverat,
335 1159 415 1204 reum
432 1141 589 1201 maiestatis
609 1141 684 1220 apud
694 1130 813 1202 indicas
833 1140 905 1201 iecit
921 1148 952 1200 et
965 1139 1137 1201 condemna·
1207 1139 1210 1212 i

133 1231 184 1289 vit.
218 1227 355 1306 interque
378 1225 452 1286 liaeo
473 1224 618 1304 duplicem
639 1243 736 1286 curam
759 1224 978 1302 administrarit,
1005 1241 1138 1286 annonae
1207 1225 1210 1248 ⁴

132 1329 208 1392 qnae
223 1311 312 1372 artior
326 1309 483 1387 inciderat,
499 1318 529 1369 ct
542 1308 792 1388 repurgandorum
806 1316 867 1384 tota
881 1308 964 1370 ltalia
975 1308 1137 1387 ergastulo·
1204 1368 1211 1384 ‚

133 1415 206 1473 rum,
221 1411 342 1474 quorum
356 1393 463 1454 domini
476 1395 504 1454 in
518 1392 652 1454 invidiam
665 1402 807 1454 venerant
821 1395 902 1473 quasi
918 1403 1060 1473 exceptos
1067 1410 1138 1474 sup·
1211 1389 1212 1406 ¹

133 1482 309 1561 primerent,
335 1496 393 1538 non
405 1478 497 1538 solum
510 1479 639 1538 uiatores
653 1478 706 1538 sed
725 1487 755 1538 et
770 1495 843 1558 quos
859 1478 1029 1539 sacramenti
1044 1486 1138 1537 metus
1148 1498 1174 1540 ιι

135 1565 247 1627 adeius
262 1561 339 1624 modi
355 1562 482 1624 latebras
499 1561 696 1642 compulisset.

103 1663 124 1719 9
198 1648 347 1729 Stipendia
363 1650 454 1729 prima
474 1647 660 1727 expeditione
680 1644 854 1708 Cantabrica
872 1646 1000 1707 tribunus
1019 1646 1139 1707 militum

133 1737 219 1812 lecit,
239 1733 306 1795 dein
320 1733 407 1794 ducto
421 1731 457 1793 ad
474 1731 621 1793 Orientem
636 1733 767 1791 exercitu
784 1749 905 1809 regnum
894 1730 1075 1791 Armeniae
1092 1729 1138 1790 Ti-

134 1821 217 1918 grani
231 1819 357 1878 restituit
372 1835 406 1876 ac
421 1833 475 1896 pro
489 1814 622 1876 tribunali
637 1814 767 1876 diadema
781 1816 925 1895 imposuit.
969 1814 1096 1893 Recepit
1109 1822 1140 1874 et

134 1905 234 1980 signa,
250 1920 325 1981 quac
339 1900 377 1962 ot.
393 1899 500 1962 Crasso
516 1900 685 1961 ademerant
696 1899 803 1961 Partiri
832 1899 903 1960 Post
917 1898 974 1960 lucc
990 1896 1139 1960 Gamalam
1147 1919 1175 1960 ao

83 2015 124 2093 gg,
118 1986 256 2049 tGalliam
270 2003 344 2046 anno
359 1984 424 2046 lere
435 1987 527 2062 rexit,
545 1993 574 2045 ct
589 1983 800 2044 barbarorum
791 1982 966 2044 incursionili
1019 1991 1049 2042 et
1060 1984 1138 2061 prin·

101 2131 104 2139 Α
134 2072 230 2151 cipum
256 2068 401 2130 discordia
424 2071 587 2148 inquietam.
630 2068 706 2129 Exin
728 2067 878 2128 Raeticum
897 2067 955 2129 Vin
993 2029 1217 2156 iucunqnel

100 2153 103 2158 “
134 2154 256 2230 bellum,
271 2152 338 2214 inde
353 2152 558 2228 Pannonicum,
574 2152 640 2212 inde
657 2152 856 2213 Germanicum
868 2153 971 2230 gessit.
1014 2150 1138 2212 Raetico

133 2245 221 2317 atque
236 2235 390 2297 Vindelico
404 2238 500 2312 gentis
511 2235 643 2315 Alpinas,
655 2237 821 2298 Pannonico
837 2235 966 2298 Breucos
981 2243 1011 2296 et
1022 2234 1138 2296 Dalma-

134 2330 179 2381 tas
195 2319 327 2397 subegit,
351 2318 521 2380 Germaaico
537 2319 726 2398 quadraginta
742 2320 820 2380 milia
836 2320 1035 2388 dediticiorum
1052 2321 1138 2380 iraic·
1148 2339 1175 2380 aa

134 2405 174 2464 cit
191 2406 220 2463 in
235 2403 355 2466 Galliam
368 2404 505 2481 iuxtaque
519 2404 611 2482 ripam
624 2403 718 2466 Rheni
735 2404 850 2465 sedibus
865 2403 1023 2482 adsignatis
1038 2401 1139 2463 conlo-

132 2490 220 2549 cavit.
264 2489 342 2564 Quas
365 2485 403 2548 ob
425 2505 474 2546 res
493 2495 523 2547 et
543 2504 635 2548 ovans
653 2497 683 2548 et
697 2507 782 2549 curru
800 2487 925 2548 urbem
915 2505 1065 2566 ingressus
1082 2495 1138 2564 est,

134 2575 225 2652 prius,
241 2581 271 2632 ut
287 2571 401 2650 qnidam
415 2580 527 2672 putant,
544 2570 763 2652 triumphalibus
777 2573 954 2633 ornamentis
968 2570 1140 2674 honoratus,

133 2673 212 2716 novo
225 2673 280 2716 neo
296 2665 381 2716 antea
395 2658 527 2735 cuiquam
543 2655 649 2717 tributo
665 2674 775 2732 genere
790 2655 920 2717 lionoris.

197 2739 382 2816 Magistratus
397 2746 427 2798 et
439 2740 574 2800 maturius
589 2739 736 2800 inchoavit
751 2749 782 2806 et
795 2757 891 2820 paene
905 2740 1020 2802 iunctim
1033 2757 1137 2819 percu·
1148 2761 1174 2804 ec

135 2825 241 2900 currit,
263 2831 460 2901 quaesturam,
483 2832 662 2902 praeturam,
686 2823 880 2895 consulatum
907 2825 1139 2903 interpositoque

134 2916 267 2987 tempore
284 2905 386 2967 consul
397 2908 507 2968 ¹iterum
526 2909 611 2968 etiam
631 2907 810 2969 tribuniciam
827 2915 1001 2989 potestatem
1016 2909 1044 2966 in
1058 2909 1139 2986 quin·

92 2991 286 3070 roquennium
308 2993 432 3069 aceepit.
478 2991 532 3052 l'ot
547 2993 698 3071 prosperis
715 2992 941 3069 confluentibus,
959 2992 1074 3067 integra
1091 3006 1138 3050 ae·

134 3083 194 3136 tate
220 3093 254 3135 ae
280 3074 436 3135 valitudine
459 3075 556 3136 statuit
580 3085 704 3154 repente
728 3076 870 3138 secedere
890 3093 980 3155 seque
1001 3095 1018 3135 c
1041 3071 1138 3134 medio

135 3177 219 3240 qaam
238 3158 408 3237 longissime
428 3176 579 3220 amovere:
606 3159 736 3239 dubium,
758 3161 896 3222 uxorisne
916 3158 1029 3236 taedio,
1051 3168 1172 3238 quutmt

133 3260 229 3323 neque
253 3245 397 3305 criminari
414 3253 463 3305 aut
485 3243 626 3305 dimittere
649 3245 769 3306 auderet
789 3261 884 3325 neque
905 3242 981 3305 ultra
1001 3241 1138 3322 perieme

133 3337 250 3407 posset,
271 3349 308 3391 an
322 3338 352 3388 ut
363 3331 453 3389 vitato
471 3327 644 3389 assiduitatis
658 3328 774 3390 fastidio
791 3329 991 3390 auctoritatem
1004 3325 1138 3387 absentia

132 3419 263 3474 tueretur
277 3422 363 3492 atque
379 3412 464 3471 etiam
480 3421 611 3489 augeret,
627 3415 651 3472 si
668 3412 782 3492 quando
797 3411 969 3490 indiguisset
983 3414 1027 3473 sui
1041 3429 1091 3472 res
1105 3429 1138 3490 p.

300 3503 304 3530 l

60 3588 135 3608 ,ι-
