2438 3872
105 200 167 260 244
191 211 386 260 c.susrorr1
402 212 529 271 usan.
548 213 595 258 ou
612 213 693 258 turn
714 178 898 260 cassnsu'n
914 213 1075 268 mcum.

106 375 134 426 et
149 368 241 446 ipsius
253 369 360 448 imago.
393 364 568 426 celebrabat
587 375 618 427 et
639 367 668 425 in
692 365 807 426 Albano
827 367 998 444 quotannis
1019 367 1111 442 Quin·

106 451 217 528 quatria
240 449 403 527 Minervae,
430 451 475 510 cni
502 449 661 527 collegium
683 452 858 527 instituerat,
884 468 922 510 er
944 467 1002 528 quo
1026 460 1111 512 sorte

105 534 182 594 ducti
199 533 367 612 magisterio
384 533 574 611 fungerentur
589 533 768 611 ederentque
791 535 911 593 eximias
935 535 1110 595 venationes

105 627 134 678 et
154 620 290 678 scenicos
314 609 414 694 ludos,
438 634 584 696 superque
609 625 755 677 oratorum
779 635 815 677 ac
837 627 988 696 poetarum
1013 628 1109 678 certa·
1198 682 1201 688 ,

104 718 191 762 mina.
1119 729 1132 768 s

169 784 355 862 Congiarium
373 785 484 864 populo
503 803 679 844 nummorum
695 794 881 846 trecenorum
898 795 944 845 ter
956 786 1045 863 dedit,
1067 796 1108 846 at·

60 896 76 940 a
105 886 161 947 que
185 871 260 929 inter
285 868 455 947 spectacula
480 871 606 928 muneris
628 869 820 946 largissimum
845 870 970 948 epulum.
1011 871 1108 948 Septi·

17 953 232 1052 ps.ttm⁰¹¹⁸i³li
256 969 342 1014 sacro
367 952 497 1032 quidem,
525 953 636 1012 senatui
662 953 809 1031 equitique
833 956 976 1032 panariis,
1008 953 1110 1032 plebei

105 1036 255 1115 sportellis
274 1054 337 1096 cnm
362 1036 486 1096 obsonio
509 1035 684 1112 distributis,
709 1037 817 1095 initium
837 1037 974 1098 vescendi
998 1039 1109 1116 primus

104 1120 188 1190 lecit;
208 1119 312 1198 dieque
331 1123 464 1199 proximo
483 1138 567 1180 omne
588 1137 682 1198 genus
699 1136 795 1180 rerum
809 1121 928 1182 missilia
939 1123 1065 1200 sparsit,
1079 1130 1108 1179 et
1119 1132 1144 1174 tt

104 1206 172 1282 quia
195 1222 264 1282 pars
288 1207 380 1263 maior
404 1207 478 1264 intra
503 1203 655 1282 popularia
685 1203 850 1280 deciderat,
886 1206 1108 1284 quinquagenes

104 1297 233 1347 tesseras
255 1286 284 1345 in
307 1287 438 1365 singulos
462 1305 571 1348 cuneos
591 1289 735 1366 equestris
760 1305 796 1347 ac
828 1291 966 1349 senatorii
998 1288 1108 1348 ordinis
1198 1337 1201 1344 .

106 1371 310 1449 pronuntiavit.
332 1373 335 1378 '

77 1472 93 1522 5
166 1455 290 1516 Plurima
307 1464 338 1516 et
355 1455 531 1535 amplissima
550 1473 642 1534 opera
659 1454 793 1514 incendio
809 1454 960 1534 absumpta
972 1457 1107 1531 restituit,

17 1581 48 1628 ζ,
62 1579 82 1612 e
103 1543 132 1600 in
156 1542 220 1619 quis
239 1549 269 1599 et
289 1538 478 1620 Capitolium,
503 1538 581 1619 quod
601 1557 700 1623 rursus
721 1549 846 1607 arserat;
869 1539 922 1599 sed
940 1542 1036 1599 omnia
1052 1538 1106 1599 snb
1119 1561 1143 1599 rs

42 1612 57 1628 ”
103 1622 185 1684 titulo
198 1632 304 1684 tantum
316 1641 373 1684 suo,
389 1642 424 1683 ac
441 1625 505 1684 sino
523 1623 581 1683 ulla
600 1623 713 1700 pristini
731 1623 858 1682 auctoris
873 1625 1022 1683 memoria.
1048 1622 1107 1685 No·

17 1685 169 1780 ‚emitdihm
182 1717 277 1770 autern
292 1708 430 1773 excitarit
448 1707 549 1767 aedem
564 1707 593 1766 in
612 1704 995 1789 Capitolio>0ustqdilori,
1017 1717 1046 1766 et
1064 1707 1107 1767 lo·
1200 1763 1201 1788 ,

103 1810 165 1852 rum
184 1792 262 1871 quod
279 1810 355 1850 nunc
370 1791 487 1851 Nervae
504 1801 635 1867 vocatur,
654 1793 723 1848 item
742 1788 860 1852 Flaviae
880 1792 1017 1870 templum
1035 1809 1107 1868 gen-

24 1925 28 1933 .
104 1878 140 1936 tis
159 1885 189 1935 et
205 1875 326 1936 stadium
345 1884 374 1935 et
391 1874 493 1936 Odium
511 1885 540 1934 et
558 1873 773 1952 naumachiam,
798 1893 814 1935 e
842 1876 922 1935 curius
945 1884 1048 1954 postea
1067 1875 1108 1935 la·

17 2011 19 2014 .
106 1959 172 2038 pide
202 1961 341 2020 maximus
366 1961 478 2036 circus,
511 1959 621 2019 deustis
654 1959 795 2038 utrimque
824 1959 980 2036 lateribus,
1010 1969 1146 2026 extro-20

106 2053 168 2102 ctus
187 2053 243 2102 est.

23 2145 27 2152 ·
67 2137 95 2204 fi
169 2126 379 2204 Expeditiones
393 2129 495 2205 partim
513 2136 619 2206 sponte
637 2128 784 2206 suscepit,
798 2129 901 2206 partim
919 2128 1108 2188 necessario:

50 2193 64 2259 l
105 2219 210 2289 sponte
222 2210 250 2268 in
273 2207 411 2287 Catthos,
434 2213 604 2271 necessario
637 2227 721 2270 unam
746 2210 777 2270 in
800 2211 964 2288 Sarmatas,
990 2211 1110 2288 legione

105 2313 169 2354 oum
186 2291 284 2371 legato
303 2295 386 2354 simul
404 2313 506 2372 caesa,
524 2297 553 2354 in
571 2293 670 2356 Dacos
694 2295 781 2370 duas,
796 2295 916 2373 primam
939 2293 1037 2374 Oppio
1056 2295 1109 2354 Sa·
1200 2315 1201 2332 t

40 2371 84 2446 lde
104 2376 172 2437 hino
191 2377 336 2438 consulari
348 2396 511 2457 oppresso,
534 2379 689 2439 secundam
707 2376 846 2439 Cornelio
859 2373 972 2456 Fusco,
993 2378 1144 2458 praela-2⁶

47 2454 90 2536 Ὦ
106 2471 153 2522 eto
172 2461 332 2524 cohortium
350 2465 615 2541 praetorianarum,
635 2463 681 2522 oui
705 2460 776 2524 belli
801 2479 938 2522 summam
955 2463 1108 2542 commise

103 2555 158 2606 rat.
186 2546 230 2606 De
248 2544 359 2606 Catthis
374 2546 519 2625 Dacisque
537 2557 604 2626 post
620 2546 700 2606 saria
717 2543 830 2626 proelia
847 2544 993 2626 duplicem
1012 2547 1109 2606 trimi·

104 2628 190 2709 phurp
215 2633 284 2708 egit.
330 2630 374 2690 lle
404 2631 542 2691 Sarmatis
570 2631 698 2690 lauream
726 2627 827 2690 modo·
846 2628 1015 2709 Capitolino
1043 2628 1109 2689 lovi

103 2713 224 2773 rettulit.

35 2851 39 2864 ,,
59 2847 70 2862 „
96 2808 102 2818 “
164 2795 275 2857 Bellum
293 2798 378 2858 civile
391 2807 498 2859 motum
513 2798 572 2861 ah.
591 2796 734 2874 Antonio,
754 2789 914 2878 superioris
937 2797 1143 2878 Germaniaeao

34 2841 80 2926 ἢ)
105 2880 251 2960 praeside,
269 2881 396 2942 coniecit
413 2882 519 2944 absens
535 2882 676 2942 felicitate
691 2885 773 2958 mira,
793 2899 857 2942 eum
874 2882 940 2962 ipsa
949 2881 1109 2942 dimicatio·

103 2965 148 3026 nis
167 2965 241 3026 hora
260 2965 407 3028 resolutus
424 2975 548 3045 repente
564 2964 683 3026 Rhenus
705 2968 875 3026 transituras
899 2965 935 3026 ad
952 2964 1110 3027 Antonium

104 3050 206 3128 copias
227 3048 415 3110 harbarorum
432 3050 614 3111 inhibuisset.
656 3047 701 3109 lle
725 3066 781 3126 qua
806 3051 928 3133 victoria
945 3051 1109 3130 praesagiis

78 3135 185 3214 ⁴,prius
216 3151 300 3214 quam
326 3134 430 3194 nuntiis
454 3133 613 3212 comperit,
642 3129 784 3211 siqnidem
805 3135 873 3213 ipso
908 3127 965 3212 quo
993 3131 1109 3216 dimica·

17 3261 18 3266 η
88 3219 161 3278 'tum
185 3227 248 3280 erat
277 3218 324 3280 die
345 3227 466 3279 statuam
497 3219 560 3278 eius
581 3217 693 3277 Romae
717 3217 839 3296 insignis
862 3217 1139 3297 aquilanorum-st

103 3302 191 3378 plera
210 3304 305 3381 pinnis
321 3302 477 3381 clangores
496 3301 671 3362 laetissimos
684 3297 788 3372 edidit;
806 3295 959 3382 pauloque
972 3295 1108 3384 pont-'oo-

104 3385 194 3443 cisum
206 3386 359 3446 Antonium
377 3386 450 3446 adeo
464 3385 610 3462 vulgatum
626 3393 681 3460 est,
699 3392 730 3444 ut
754 3393 841 3468 capnt
864 3378 983 3468 quoque
996 3379 1109 3466 ‘adpor-

17 3521 18 3524 ,
104 3473 190 3524 tatum
204 3471 266 3528 eius
288 3469 395 3529 vidisse
416 3487 449 3528 se
469 3467 602 3546 plerique
621 3465 852 3530 contenderent.v
968 3475 970 3480 ’
1063 3477 1067 3486 “

692 3650 697 3657 Ι
833 3659 936 3688 ἱ·ζ9

775 3687 799 3702 ’““
848 3695 925 3708 ..ι
