2444 3872
433 249 538 298 ornus
562 251 754 302 economus.
929 262 930 267 ¹
1052 237 1093 308 83

79 430 175 494 porc,
203 407 347 471 libertate
367 409 459 487 etque
476 404 614 484 fortunio
628 423 688 485 per
709 407 794 470 illem
805 407 880 487 frui.
914 411 978 485 Quo
993 428 1026 470 re
1045 410 1092 472 ad·

79 494 196 558 mudum
212 491 397 568 exhilaratus,
414 489 738 578 quadragenoseureos
754 492 905 554 comitibus
922 494 1018 555 divisit
1036 496 1093 554 ius-

22 619 23 644 ,
81 600 141 662 que
160 571 307 640 iurandum
321 582 352 634 et
366 575 527 635 cautionem
542 575 644 652 exegit
658 592 675 635 a
690 576 828 654 singulis,
849 593 907 638 uun
925 577 982 639 alio
998 577 1094 640 datam

79 681 221 728 summam
246 677 331 739 quam
358 658 387 718 in
409 657 584 740 emptionem
605 658 865 722 Alexandrinarum
885 662 1023 722 mercium
1045 653 1093 723 eb-

34 801 37 804 .
56 757 259 830 ssumpturos.
294 741 354 804 Sed
375 751 405 802 ct
425 752 545 805 ceteros
569 745 719 804 continuos
734 745 797 806 dies
812 747 888 806 inter
902 747 982 808 veria
995 763 1093 808 monu-

80 833 165 898 scula
189 841 277 909 toges
296 829 416 910 insuper
439 846 473 888 ee
496 827 594 910 pallea
616 827 774 908 distribuit,
800 829 870 909 lege
891 832 1044 911 proposita
1064 837 1095 892 ut

78 917 206 984 Romani
228 913 359 990 Graeco,
381 909 487 974 Gracci
501 911 633 974 liomano
655 912 753 974 bebitu
775 923 806 974 et
827 930 963 976 sermone
978 924 1093 975 uteren-

22 1023 23 1034 *
78 1014 138 1066 tur.
176 999 329 1082 spectavit
346 997 461 1058 essidue
482 1006 658 1057 exercentes
678 997 825 1077 ephebos,
854 1015 976 1079 quorum
998 997 1095 1080 aliqua

22 1105 23 1110 ’
81 1087 176 1151 adhoc
190 1083 277 1165 copia
288 1101 325 1142 ex
336 1090 440 1144 vetere
451 1081 580 1142 instituto
593 1079 715 1162 Capreis
727 1091 804 1153 crat;
819 1082 912 1144 isdem
924 1083 1010 1144 etiam
1023 1101 1093 1163 epu·

46 1174 141 1235 ¹⁰lum
160 1171 189 1231 iu
211 1175 372 1248 conspectu
394 1183 447 1227 suo
470 1163 620 1246 praebuit,
640 1169 794 1245 permissa,
818 1169 904 1229 immo
925 1177 1031 1229 eructu
1050 1167 1093 1228 io·

81 1256 169 1320 candi
180 1254 298 1316 liceutie
310 1249 523 1331 diripiendique
535 1266 686 1330 pomorum
698 1258 728 1311 et
739 1250 926 1326 obsoniorum
935 1269 1093 1332 rerumque

79 1344 98 1381 ⁸
108 1337 237 1402 missilia.
266 1333 356 1396 Nullo
372 1335 497 1416 denique
512 1350 624 1413 genere
639 1334 792 1396 hilaritatis
808 1335 954 1398 abstinuit.
1106 1411 1110 1416 1

143 1424 276 1486 Vicinam
291 1418 414 1499 Capreis
431 1419 554 1480 insulam
569 1417 785 1499 Apragopolim
801 1421 988 1502 eppellabat,
1010 1439 1027 1482 e
1043 1420 1091 1481 dc·
1113 1417 1119 1426 “

30 1552 33 1558 ,
80 1510 155 1573 sidia
170 1504 366 1568 secedentium
381 1501 450 1564 illuc
465 1521 482 1562 e
498 1504 634 1564 comitatu
649 1521 713 1563 suo.
743 1503 804 1564 Sed
819 1523 857 1565 ex
868 1505 984 1566 dilectis
995 1523 1092 1582 nuum,

43 1613 71 1654 se
80 1592 244 1672 Masgaban
257 1589 389 1667 nomine,
407 1588 489 1668 quasi
506 1587 686 1649 conditorem
702 1589 813 1650 insulse
830 1579 968 1670 stupendo
983 1605 1092 1650 vocare

67 1683 247 1740 consuerat.
284 1671 375 1734 Huius
395 1671 554 1750 Masgabae
580 1682 647 1733 ante
671 1691 774 1733 ennom
802 1673 930 1734 deiuncti
956 1672 1092 1734 tumulum

83 1779 146 1824 cum
170 1779 186 1822 e
208 1758 333 1820 triclinio
356 1757 614 1830 animadvertisset
622 1773 728 1834 magua
743 1758 827 1818 turba
841 1757 995 1838 multisque
1011 1757 1091 1818 luml-

80 1846 165 1909 nibus
185 1843 375 1924 irequentari,
388 1859 504 1902 versum
518 1841 710 1921 compositum
726 1860 764 1903 ex
781 1851 913 1923 tempore
929 1841 1009 1903 clare
1024 1857 1091 1921 pro·

80 1931 238 1992 nuntiavit:

22 2077 23 2080 ,
45 2031 73 2072 eo
262 2009 391 2088 ζωοῦ
408 2005 439 2070 δὲ
451 2004 567 2090 τύμβον
582 2009 687 2090 εἰσορῶ
701 2005 907 2089 πυρούμενον·

22 2123 24 2136 ³
82 2111 301 2178 conversusque
325 2095 361 2157 ad
383 2093 555 2182 l'brasplum
579 2091 678 2156 Tiberi
705 2097 856 2174 comitem,
883 2103 985 2158 contra
1005 2113 1090 2156 eccu-
1122 2082 1137 2153 l

25 2189 30 2198 '
80 2183 198 2246 beutem
212 2189 242 2242 et
255 2183 387 2259 ignorum
400 2179 459 2256 rei,
481 2180 675 2257 interrogavit
689 2182 835 2242 cuiusnam
851 2190 958 2260 poetae
976 2187 1092 2262 putaret

26 2340 28 2344 ,
82 2284 165 2340 esse;
182 2281 239 2346 quo
255 2264 430 2340 haesitante,
448 2263 571 2324 subiecit
585 2263 687 2324 alium:

22 2355 23 2360 ’
285 2340 376 2434 Ὁρᾷς
391 2340 496 2424 polesot
513 2342 688 2428 Μασγᾶβνν
703 2343 884 2428 τιμώμενονς

23 2455 119 2499 ‘seno
142 2434 179 2497 de
199 2435 256 2496 lroc
277 2450 393 2516 quoqne
416 2425 568 2492 cous'uluit.
597 2431 668 2494 Cum
684 2433 735 2494 ille
751 2433 821 2494 nibil
834 2432 914 2494 aliud
927 2431 1089 2512 responde-

82 2531 128 2582 ret
148 2537 244 2601 qmam,
260 2519 463 2596 cuiuscumque
480 2526 579 2577 essent
595 2520 721 2596 optimos
735 2535 819 2595 esse,
843 2516 1012 2578 cachinnum
1027 2533 1089 2577 sus·

82 2606 145 2666 tulit
172 2613 257 2683 etque
283 2603 312 2662 ln
338 2601 422 2662 iocos
455 2600 563 2662 effusus
591 2610 645 2662 est.
682 2601 753 2663 llox
780 2601 935 2682 Neapolim
963 2601 1089 2676 traiecit,

22 2757 24 2776 ,
83 2703 244 2770 quanquam
258 2687 344 2746 etiem
363 2694 422 2746 tom
432 2685 550 2764 infirmis
562 2687 706 2747 intestinis
718 2686 821 2748 morbo
832 2687 978 2755 varieute;
995 2694 1090 2746 temen

22 2793 23 2812 ³
83 2781 112 2833 et
139 2769 351 2852 quinquennale
375 2779 522 2831 certamen
543 2773 707 2849 gymnicum
728 2769 834 2832 honori
860 2787 912 2832 suu
933 2769 1089 2830 institutum

44 2875 73 2916 eo
83 2855 285 2937 perspectauit
305 2863 335 2914 et
354 2872 418 2914 cum
430 2851 550 2916 Tiberio
574 2855 609 2916 ad
626 2854 799 2917 destinamm
819 2856 915 2916 locum
931 2853 1089 2915 contendit.

22 2939 40 2977 l-
81 2941 141 3002 Sed
162 2942 191 3000 in
212 2937 361 3000 redeundo
379 2937 538 3017 adgravata
554 2939 729 3017 valitudine,
750 2935 866 3000 taudem
877 2938 972 2999 Nolue
987 2955 1089 2998 succu-

79 3025 142 3085 buit
160 3021 387 3104 rerocetumque
406 3041 444 3084 ex
463 3024 566 3084 itinere
580 3023 726 3085 'liberium
747 3023 794 3084 dic
814 3032 932 3084 secreto
955 3038 1089 3083 sermone

22 3113 23 3162 ἶ
80 3107 213 3186 detinuit,
227 3123 325 3186 neque
340 3115 408 3188 post
422 3108 474 3169 ulli
489 3109 590 3169 maiori
605 3110 725 3186 negotio
741 3109 863 3169 animum
877 3105 1088 3183 accomodavit.
1120 3119 1199 3150 nes·

146 3191 289 3272 Supremo
308 3191 355 3252 die
369 3191 526 3253 identidem
543 3194 717 3271 exquirens,
732 3211 768 3254 on
782 3194 841 3254 iam‘
854 3192 890 3253 de
907 3209 940 3252 se
954 3189 1132 3263 tumultusqq

22 3259 154 3356 foetoris
177 3285 275 3356 esset,
291 3277 388 3354 'petito
412 3276 552 3356 speculo,
574 3276 709 3355 capillum
729 3276 876 3338 sibicomi
892 3289 927 3337 e‘c
942 3273 1088 3339 melasla·
1140 3286 1199 3359 73.

65 3361 184 3438 ¹beutes
203 3361 314 3438 corrigi
339 3363 508 3441 proecepit,
535 3367 564 3421 et
587 3361 728 3422 admissus
752 3363 862 3423 emices
890 3365 1088 3440 percontatus,

22 3465 26 3498 t
74 3444 192 3526 ecquid
213 3443 256 3506 iis
280 3443 438 3506 videretur
459 3446 582 3528 mimum
600 3445 686 3508 citcc
707 3445 864 3510 commode
885 3441 1110 3548 concepisse}

22 3503 26 3578 l
73 3530 186 3594 adiecit
202 3537 232 3590 et
246 3528 419 3592 clausulam:

22 3751 27 3857 l

841 3611 883 3674 6*

170 3686 307 3729 {ww-on
340 3697 391 3735 tad
408 3675 503 3748 Risi]
