2412 3876
92 167 133 230 28
179 181 209 229 c.
228 139 378 230 sunnon}
393 181 520 242 uerno
537 183 584 230 on
601 180 682 230 vrrs
701 179 885 230 conessum
902 183 972 231 ms.
986 182 1010 232 1.

49 344 85 400 68
95 335 206 412 Quibus
220 335 307 396 rebus
322 344 352 396 et
365 336 571 398 devotissimos
585 336 640 398 sihi
655 345 685 397 et
698 337 874 398 fortissimos
888 239 1073 403 reddiditsh
1087 372 1099 382 ·

93 437 200 499 gresso
222 420 310 480 civile
328 420 437 482 bellum
458 424 643 482 centuriones
664 423 802 501 cuiusque
817 421 944 498 legionis
964 421 1101 500 singulos
1176 452 1180 461 ·

94 506 206 584 equites
230 523 246 565 e
267 506 373 565 viatico
394 523 447 566 suo
470 505 651 586 optulerunt,
667 506 796 565 universi
815 505 921 565 milites
942 507 1100 584 gratuitam

95 599 124 649 et
139 591 201 648 sine
216 589 359 649 frumento
380 589 584 670 stipendioque
600 606 735 669 operam;
760 605 823 648 cum
843 590 1005 649 tenuiorum
1024 597 1099 649 tute·
1143 624 1147 638 ·
1189 601 1191 630 ³

93 675 150 734 lam
164 672 375 752 locupletiores
394 675 423 733 in
438 692 471 733 se
486 672 685 734 contulissent.
720 671 823 752 Neque
839 674 867 732 in
888 681 946 734 tam
965 673 1128 734 diuturnos
1182 705 1191 738 ·,

94 757 189 837 spatio
206 757 354 836 quisquam
378 760 494 818 omnino
518 757 655 836 descivit,
675 756 808 836 plerique
828 759 905 837 capti
926 774 1102 817 concessam
1191 765 1192 770 ’

94 840 149 901 sibi
165 839 217 899 snb
236 840 403 902 conditione
417 843 521 920 vitam,
541 844 566 902 si
586 842 709 902 militare
730 841 871 901 adversus
892 858 956 902 eum
977 840 1101 918 vellent,

93 932 277 994 recusarem
298 924 401 986 lumem
422 935 451 985 ct
468 927 582 986 ceteras
599 928 806 1003 necessitates,
828 943 887 985 ncn
904 943 967 986 cum
983 913 1100 986 obside

94 1018 193 1069 rentur
206 1007 294 1069 modo
309 1009 361 1070 sed
376 1017 405 1068 et
421 1012 445 1069 si
462 1012 518 1090 ipsi
530 1010 604 1070 alios
623 1009 806 1087 obsiderent,
820 1018 976 1089 tantopere
991 1007 1101 1069 tolera·

93 1093 177 1169 bant,
200 1091 424 1167 ntllyrrachinc
443 1095 600 1154 munitione
621 1092 777 1172 Pompeius
799 1095 863 1154 viso
885 1109 997 1172 genere
1015 1092 1101 1174 panis
1112 1109 1138 1150 1c

63 1199 73 1284 p
95 1194 133 1237 ex
149 1175 254 1253 herba,
275 1193 332 1254 quo
355 1176 582 1254 sustinebantur,
603 1195 671 1238 cum
683 1176 763 1256 feris
779 1175 841 1238 sibi
855 1193 920 1237 rem
936 1194 1004 1238 cose
1017 1176 1100 1261 dinc·
1192 1195 1195 1282 p

90 1261 147 1346 rit,
169 1263 356 1339 amoverique
377 1263 459 1328 ocius
478 1279 534 1321 nec
554 1262 685 1341 cuiqnam
705 1261 820 1322 ostendi
840 1263 971 1344 iusserit,
991 1279 1028 1322 ne
1048 1277 1100 1339 pa·
1194 1283 1195 1304 1

94 1341 195 1404 tientia
210 1351 240 1402 et
256 1343 416 1421 pertinacia
430 1344 524 1405 hostis
539 1347 623 1406 animi
637 1364 754 1407 suorum
767 1346 981 1424 frangerentur.

160 1427 271 1502 Quanta
296 1427 464 1503 fortitudine
490 1428 664 1508 dimicarint,
691 1432 858 1491 testimonio
884 1439 928 1490 est
951 1428 1029 1510 qnod
1052 1426 1101 1489 ad·

93 1528 182 1571 verso
206 1509 297 1570 semel
320 1512 395 1592 apud
408 1511 619 1588 Dyrrhachium
638 1515 754 1595 proelio
774 1508 899 1594 poenam
920 1515 948 1573 in
969 1532 1003 1573 se
1022 1513 1140 1579 ultrocs
1196 1561 1197 1592 3

95 1594 351 1674 depoposcerunt,
372 1606 403 1657 ut
425 1596 622 1659 consolandos
644 1615 697 1660 eos
720 1599 813 1675 magis
834 1599 994 1678 imperator
1016 1613 1102 1676 qnam

94 1677 257 1759 puniendos
274 1677 416 1740 habuerit.
460 1679 575 1742 (leteris
590 1683 713 1763 proeliis
733 1683 897 1743 innumeras
917 1681 1101 1742 adversario·

94 1778 156 1822 rum
172 1765 290 1841 copias,
303 1763 398 1824 multis
413 1765 543 1845 partibus
559 1767 615 1846 ipsi
628 1767 799 1846 pauciores,
813 1765 901 1828 lacile
917 1771 1101 1845 superarunt.

92 1846 226 1925 lienique
242 1865 297 1906 nna
312 1857 413 1910 sextae
429 1849 556 1926 legionis
573 1850 681 1911 cohors
696 1851 866 1930 praeposita
882 1847 1004 1910 castello
1020 1855 1101 1928 quat·

94 1940 160 1990 tuor
181 1927 301 2010 Pompei
316 1930 453 2010 legiones
467 1952 521 2014 per
536 1934 647 2014 aliquot
658 1933 747 1995 horas
762 1935 911 2010 sustinuit,
932 1951 1026 2014 paene
1040 1949 1100 1992 om·
1110 1947 1137 1989 se
1195 1967 1200 2052 p

94 2016 138 2073 nis
155 2015 270 2074 confixa
289 2016 468 2077 multitudine
483 2017 630 2079 hostilium
646 2020 830 2096 sagittarum,
852 2034 971 2097 quarum
987 2025 1102 2077 centum
1199 2055 1200 2060 κ

95 2114 131 2158 ac
150 2098 268 2173 triginta
287 2098 364 2160 milia
384 2102 458 2161 intra
478 2102 585 2162 vallum
603 2111 721 2182 reperta
743 2111 817 2162 sunt.
852 2101 917 2162 Nec
935 2103 1051 2178 mirum,
1076 2099 1102 2159 si

95 2181 159 2259 quis
180 2181 359 2256 singulorum
386 2183 462 2246 iacta
487 2187 641 2264 respiciat,
669 2185 717 2245 vel
743 2183 825 2246 Cassi
846 2186 977 2246 Scaevae
1002 2193 1101 2246 centu·

94 2264 186 2324 rionis
204 2263 252 2323 vel
269 2263 320 2324 Gai
335 2265 412 2326 Acili
427 2266 543 2346 militis,
561 2286 597 2328 ne
613 2269 649 2330 de
662 2268 943 2349 pluribus'rcleram.
977 2270 1101 2346 Scaeva,

96 2364 222 2408 excusso
245 2348 347 2426 oculo,
368 2353 522 2412 transfixus
542 2353 656 2413 femore
675 2361 705 2412 et
725 2352 858 2430 humero,
882 2361 996 2414 centum
1011 2361 1040 2413 et
1059 2353 1139 2416 virs

95 2431 167 2510 giuti
187 2430 292 2490 ictibus
313 2443 396 2494 scuto
413 2436 580 2515 perforato,
598 2436 757 2497 custodiam
772 2445 877 2517 portae
893 2438 1039 2498 commissi
1055 2455 1101 2499 ca·

95 2514 173 2574 stelli
189 2517 315 2576 retinuit.
353 2517 466 2580 Acilius
488 2521 583 2582 navali
605 2521 640 2582 ad
660 2520 817 2582 Massiliam
836 2521 971 2601 proelio,
994 2523 1103 2582 iniecta

95 2599 124 2656 in
138 2616 266 2678 puppem
279 2598 405 2662 hostium
419 2602 541 2665 dextera
554 2614 584 2665 et
597 2605 728 2681 abscisa,
740 2604 929 2664 memorabile
942 2604 1012 2665 illud
1026 2603 1104 2686 apud

96 2679 227 2741 Graecos
252 2680 409 2763 Cynaegiri
430 2689 593 2768 exemplum
613 2690 753 2766 imitatus,
776 2688 918 2749 transiluit
938 2689 968 2748 in
989 2707 1102 2768 navem,

94 2763 220 2824 umbone
239 2765 345 2828 obvios
361 2788 462 2846 agens.
1110 2793 1138 2836 eo

52 2863 87 2920 69
159 2847 338 2934 Seditionem
350 2870 404 2932 per
417 2854 519 2916 decem
531 2873 622 2918 annos
635 2856 754 2919 Gallicis
767 2857 853 2936 bellis
864 2857 971 2919 nnllam
984 2859 1101 2918 omnino

23 2997 26 3002 ,
94 2941 265 3011 moverunt,
288 2936 421 2997 civilibus
442 2939 568 3019 aliquas,
590 2940 643 3001 sed
658 2951 690 3002 nt
706 2941 844 3002 celeriter
859 2942 896 3002 ad
911 2943 1040 3003 officium
1054 2959 1101 3002 re·

95 3015 215 3092 dierint,
237 3035 294 3078 nec
316 3028 372 3080 tam
394 3022 573 3101 indulgentia
599 3023 681 3085 ducis
706 3043 789 3105 quarn
815 3028 998 3086 auctoritate.
1034 3024 1102 3086 Non

96 3097 171 3159 enim
186 3102 276 3161 cessit
292 3120 422 3184 umquam
436 3106 671 3170 tumultuantibus
687 3119 773 3190 atque
789 3111 874 3170 ctiam
894 3109 1010 3170 obviam
1026 3127 1101 3170 sem·

93 3201 149 3262 per
168 3185 215 3254 iit;
238 3194 268 3245 et
287 3191 391 3248 nonam
406 3190 520 3270 quidem
538 3192 686 3269 legionem
703 3193 779 3274 apud
791 3191 983 3272 Placentiam,
1004 3212 1136 3274 quam-cs

95 3284 179 3344 mam
198 3269 328 3332 inarmis
348 3272 441 3334 adhuc
456 3275 612 3355 Pompeius
634 3283 728 3356 esset,
750 3286 840 3339 totam
857 3295 921 3340 cnm
940 3280 1101 3356 ignominia

93 3351 209 3450 missam
227 3351 300 3417 lecit
318 3375 467 3437 aegreque
486 3368 555 3439 post
569 3359 671 3422 multas
693 3370 723 3421 et
742 3363 883 3443 supplicis
903 3380 1025 3442 preces,
1043 3379 1100 3423 nec

49 3437 148 3497 locust
170 3445 274 3503 exacta
298 3439 334 3504 de
361 3443 492 3505 sontibus
514 3461 624 3524 poena,
650 3447 790 3520 restituit;
817 3447 984 3510 decimanos
1005 3455 1100 3508 antem

26 3644 55 3656 -ι
