2416 3876
299 158 575 207 uueunuruonum
596 158 776 206 nunnonuu
795 157 995 218 usuroums.
1089 143 1146 206 311

148 313 230 392 cipit.
256 311 368 372 Dicitur
380 322 477 372 eutem
492 311 641 390 pulvinus,
657 311 768 372 dicatur
782 329 908 372 necesse
925 319 971 372 est
986 311 1150 388 curriculis,

147 406 180 456 ut
195 395 367 456 cubicularis
381 395 556 456 tricliniaris.

212 479 375 556 Pugillares
392 497 429 538 cu
444 477 611 557 pugillaria]
627 476 691 538 Nec
708 479 862 557 pugillaria
884 497 940 538 neo
956 477 1083 558 pugillor
1094 477 1149 538 dici

148 564 279 641 potest*
294 563 393 638 aliter,
414 566 480 640 quia
505 564 653 640 proprium
678 579 782 622 nomen
804 572 849 623 est
863 563 945 624 huius
960 564 1004 622 rei
1023 561 1150 638 codices,

122 647 217 708 sinde
239 663 293 723 per
316 645 529 706 diminutionem
550 645 694 722 codicilli,
716 655 746 706 ut
768 655 836 726 putu
860 645 987 707 codicilli
1009 645 1150 724 triplices.

150 729 207 808 [sio
229 729 361 791 dicuntur
385 729 526 806 codicilli,
549 728 578 789 id
602 737 647 788 est
665 730 731 808 quia
745 738 802 790 tam
817 733 899 810 parvi
916 737 981 790 suut
993 737 1025 788 ut
1039 729 1151 807 pugillo

147 815 242 881 teneri
258 813 381 892 possint.
414 811 520 874 Cicero
536 829 653 890 quoque
675 811 793 874 libellos
813 831 887 893 quos
901 813 1000 893 plures
1021 815 1050 872 iu
1068 830 1152 872 mauu

148 895 276 957 habebat
290 895 417 957 vocabat
427 896 611 976 pugillares]

210 979 289 1040 luter
300 981 391 1040 decus
400 990 431 1040 et
440 979 542 1057 mcor]
556 979 646 1038 decus
656 988 703 1039 est
713 979 818 1056 gloria,
826 979 916 1058 decor
922 979 1024 1040 forma.
1039 981 1151 1042 Utrum·

108 1075 140 1118 so
152 1081 208 1142 quo
229 1065 359 1142 genitivo
383 1081 453 1124 casu
475 1061 662 1140 discernitur,
684 1081 748 1122 narn
769 1062 847 1142 quod
867 1065 979 1124 virtutis
993 1063 1082 1124 decus
1099 1073 1151 1141 est,

151 1149 324 1226 corripimus
338 1166 357 1208 o
373 1156 402 1206 et
415 1146 537 1207 dicimus
549 1147 640 1206 decus
655 1145 783 1224 decoris,
809 1147 886 1226 quod
905 1147 1027 1227 formae,
1046 1147 1150 1228 produ·

151 1234 241 1292 cimus
250 1241 286 1292 ‘et
301 1231 421 1291 dicimus
432 1230 523 1290 decor
537 1231 663 1291 decoris.
1167 1243 1170 1248 '

213 1317 291 1375 luter
309 1313 377 1374 inihi
398 1323 428 1374 et
449 1315 505 1392 mi]
532 1323 683 1392 numque
703 1329 866 1391 pronomen
881 1324 940 1392 est,
960 1315 1014 1376 sed
1030 1315 1151 1377 alterum

150 1401 313 1460 invocantis
334 1398 455 1458 alterum
476 1399 639 1477 poscentis;
650 1397 776 1456 <dicimus
789 1399 864 1458 enim
880 1416 898 1460 o
914 1402 952 1459 mi
969 1409 1068 1479 poter,
1088 1417 1151 1459 cum

113 1485 339 1556 nsinrocamus,
363 1491 392 1541 et
408 1481 528 1542 dicimus
545 1481 580 1540 da
594 1479 676 1557 milri,
693 1497 756 1539 cum
768 1483 927 1558 poscimus.

214 1565 293 1626 Inter
312 1565 361 1626 hio
378 1567 461 1643 panis
483 1575 510 1624 et
524 1564 583 1624 lroo
593 1564 687 1642 pone}
707 1563 755 1623 hic
774 1567 870 1642 panis,
891 1567 941 1644 qui
956 1567 1075 1644 integer,
1090 1574 1149 1626 est:

151 1651 209 1710 lroo
229 1667 315 1728 pane,
338 1649 526 1722 confractus
543 1657 603 1724 est,
618 1647 755 1723 dicimus,
773 1665 810 1707 ex
824 1666 881 1709 uno
896 1668 971 1728 pane
987 1667 1052 1710 cum
1068 1649 1151 1728 plura

152 1733 244 1794 frusta
258 1733 415 1793 factasunt
431 1777 439 1790 .
452 1732 482 1793 hi
497 1749 588 1810 pones
603 1731 655 1790 sed
668 1731 728 1790 lroc
743 1749 828 1810 pane.

214 1816 340 1877 Plurium
351 1834 387 1876 au
399 1815 523 1894 plutum]
539 1815 627 1875 Aiunt
639 1813 752 1894 quidam
763 1814 874 1894 plorum
886 1815 995 1877 debere
1007 1817 1074 1894 dici,
1086 1817 1153 1895 quia

114 1907 143 1956 τι
155 1917 214 1960 non
228 1900 349 1960 dicimus
362 1899 522 1960 meliorium
539 1917 596 1958 uec
613 1898 800 1974 doctioriuru,
820 1902 859 1959 itu
878 1917 935 1960 uec
959 1898 1082 1980 plurium
1103 1901 1152 1960 de·

153 1987 225 2044 here
241 1984 311 2044 dici.
338 1983 397 2043 Sed
417 1983 466 2043 alii
487 1985 583 2058 aiunt,
609 1999 804 2062 quaecumque
821 1982 924 2061 plurali
940 1985 1108 2044 accusativo
1124 1985 1154 2043 in

153 2069 163 2126 i
180 2077 209 2126 et
235 2070 383 2128 eveniunt
403 2070 455 2126 eti
471 2065 649 2144 producunt,
674 2067 802 2142 genitivo
819 2067 944 2142 perium
960 2067 1151 2144 deheredioi,
1180 2116 1185 2130 .

153 2160 295 2229 tamquam
315 2154 421 2212 montis
440 2153 509 2210 tium
529 2149 618 2210 fontis
633 2151 718 2224 tium,
741 2166 798 2208 non
812 2158 938 2210 moutum
956 2169 1011 2210 nec
1025 2151 1150 2218 fontum

153 2236 193 2294 ita
209 2235 332 2314 plurium
347 2234 486 2310 dicimus,
502 2250 560 2294 non
575 2233 696 2311 plorum.

117 2331 145 2372 ²⁶
172 2415 199 2474 'h
217 2330 351 2410 Uterque
363 2351 399 2392 au
413 2331 544 2410 utrique]
562 2340 684 2408 uterque
699 2348 737 2390 ex
755 2327 883 2415 duobus,
906 2333 1019 2410 utrique
1038 2349 1076 2390 ex
1091 2331 1152 2410 plu·

155 2435 179 2475 rr
203 2435 245 2476 us.

216 2511 423 2573 Huiuscemodi
438 2531 474 2573 an
489 2510 678 2588 eiuscemodi]
694 2510 873 2572 eiuscemodi
889 2510 1042 2571 barbarum
1058 2519 1111 2589 est,
1125 2519 1155 2571 et

156 2597 292 2676 'superest
306 2603 337 2657 ut
349 2593 548 2655 huiuscemodi
563 2595 701 2654 dicamus,

219 2691 298 2754 luter
313 2691 459 2752 librarium
474 2699 503 2750 et
521 2692 706 2769 mandurium]
728 2689 876 2750 librarium
897 2700 943 2750 est
959 2690 1036 2770 quod
1051 2690 1155 2750 librum

116 2793 144 2836 ao
155 2777 293 2854 sustinet,
308 2779 481 2836 manuarium
496 2783 540 2835 est
555 2774 632 2853 quod
649 2791 732 2833 manu
746 2775 871 2851 tangitur
885 2783 933 2834 aut
947 2777 1112 2834 sustinetur.

218 2873 298 2934 luter
314 2889 450 2948 promere
467 2881 495 2932 et
510 2871 657 2951 prolerre}
674 2873 830 2950 promimus
852 2890 977 2951 eaquae
999 2874 1028 2932 in
1042 2881 1156 2952 promtu

155 2966 236 3034 suut,
252 2957 427 3036 proferimus
438 2955 605 3032 recondita,
621 2957 702 3034 quasi
717 2972 806 3033 porro
822 2955 950 3017 ierimus.

219 3053 275 3114 llio
299 3054 382 3116 alvus
397 3072 434 3114 an
450 3053 525 3114 haec
543 3051 638 3132 alvus]
668 3050 774 3112 Omnes
796 3051 872 3112 hanc
894 3042 989 3112 alvum
1003 3052 1154 3112 dixerunt:

1 3179 15 3199 ,-
154 3156 229 3217 aqua
246 3137 341 3198 alvum
359 3141 442 3199 citam
456 3137 543 3214 iacit,
559 3153 616 3195 non
632 3136 726 3196 citum.
756 3136 815 3202 Sed
827 3136 1007 3216 temporibus
1023 3133 1155 3195 emenda·

1 3289 2 3294 γ
116 3230 201 3282 utar
222 3221 370 3300 facundia,
394 3223 433 3284 ita
449 3220 569 3282 dicimus
591 3219 639 3279 hio
662 3219 744 3280 alvus
760 3219 818 3279 lroc
837 3227 986 3298 tempore,
1012 3221 1096 3298 quasi
1109 3218 1157 3278 hic

151 3315 371 3450 meru(ld-erulum
391 3406 427 3448 un
452 3387 629 3466 caeruleum]
652 3386 797 3446 coerulum
820 3395 864 3447 est
888 3395 1029 3466 tamquam
1047 3401 1166 3461 nurum,-
