2412 3876
102 165 142 226 66
187 178 524 242 1111111111111.
544 183 592 232 ore
606 184 688 233 1111
707 185 889 234 cassanum
907 183 975 232 ura.
991 183 1029 231 11.

101 328 207 394 tantum
236 333 314 413 quod
339 337 488 414 pueritiam
514 356 654 418 egresso,
688 339 805 417 deinde,
841 341 918 399 1111
944 338 1030 415 obiit,
1061 337 1104 400 bl.

101 417 257 498 Agrippae.
268 427 386 497 nuptum
401 420 487 499 dedit,
504 431 623 484 exorata
641 440 755 499 sorore,
774 432 803 483 ut
818 421 872 483 sibi
887 439 999 501 genero
1015 421 1103 482 cede-

101 511 161 570 ret;
184 519 248 563 nam
268 511 336 562 tunc
351 502 484 586 Agrippa
506 506 625 567 alteram
645 507 847 568 Marcellarum
868 505 993 566 babebat
1014 514 1105 566 etex

102 603 137 646 ea
158 585 277 646 liberos.
302 585 367 646 lloc
387 605 501 669 quoque
523 589 675 668 defuncto,
698 591 794 650 multis
815 609 850 651 ac
870 589 934 668 diu,
955 591 1040 650 etiam
1063 607 1104 650 ex

102 671 229 750 equestri
247 669 363 748 ordine,
387 673 606 752 circumspectis
624 673 859 752 condicionibus,
882 673 1027 734 Tiberium
1042 676 1129 752 pri-s

101 754 218 831 rignum
239 772 319 815 suum
340 755 432 832 elegit
454 759 609 836 coegitque
632 767 840 836 praegnantem
859 773 995 834 uxorem,
1018 765 1103 816 etex

102 857 156 918 qua
178 839 232 898 iam
247 846 331 918 pater
347 848 423 918 erat,
446 839 598 902 dimittere.
629 841 956 918 murmurassent,
981 842 1103 920 primum

36 978 44 984 .
102 941 166 983 eum
180 920 307 983 Antonio
323 922 382 984 lilio
399 941 452 984 suo
468 924 659 1005 despondisse
674 924 788 1004 lulium,
812 925 878 991 dein
895 922 1027 986 Cotisoni
1045 923 1101 984 Ge·

100 1015 192 1068 tarum
214 1006 296 1084 regi,
321 1024 378 1087 quo
401 1016 533 1088 tempore
557 1009 611 1080 sibi
633 1026 748 1089 quoque
763 1011 792 1069 in
809 1011 903 1069 vicem
919 1009 1006 1069 liliam
1020 1008 1102 1085 regis

101 1091 129 1151 in
145 1091 353 1151 matrimonium
372 1093 504 1170 petisset.
1112 1107 1141 1150 1o

1 1141 3 1150 Ι
58 1186 94 1242 64
161 1173 295 1253 Nepotes
310 1194 348 1235 ex
359 1173 493 1254 Agrippa
508 1185 537 1236 et
550 1175 621 1236 lulia
635 1185 696 1236 tres
710 1177 809 1237 habuit
824 1174 1101 1252 (1111111111-

1 2139 2 2146 ,
68 2032 78 2162 l

101 1277 182 1340 pam,
202 1267 306 1337 neptes
329 1257 398 1318 duas
420 1259 520 1320 Iuliam
544 1269 573 1320 et
594 1259 795 1340 Agrippinam.
831 1261 931 1321 lulium
956 1258 988 1318 L.
1010 1257 1101 1321 Paulo

102 1343 233 1404 censoris
260 1342 336 1420 lilio,
365 1341 556 1422 Agrippinam
577 1342 748 1405 Germanico
775 1346 886 1405 sororis
910 1361 979 1402 suae
1000 1342 1102 1421 nepoti

102 1425 268 1488 collocavit.
302 1425 400 1488 Gaium
415 1436 444 1487 et
458 1426 489 1487 L.
506 1427 668 1508 adoptarit,
689 1427 764 1488 domi
778 1447 832 1508 per
846 1443 942 1506 assem
956 1434 986 1486 et
999 1424 1102 1486 libram

101 1519 214 1589 emptos
236 1527 252 1570 a
275 1518 357 1590 patre
375 1510 526 1590 Agrippa,
547 1520 724 1590 tenerosque
739 1510 832 1572 adbuc
848 1511 884 1572 ad
901 1525 998 1570 curam
1012 1510 1055 1568 rei
1069 1527 1100 1588 p.
1113 1523 1139 1564 rs

101 1595 233 1657 admovit-
249 1603 278 1654 et
295 1596 432 1672 consules
452 1594 619 1673 designatos
636 1597 744 1656 circum
759 1595 926 1675 provincias
941 1593 1101 1653 exereitus-

102 1697 157 1760 que
183 1677 307 1740 dimisit.'
328 1679 430 1740 Filiam
452 1688 481 1739 et
502 1689 606 1759 neptes
621 1681 659 1740 ita
674 1680 808 1756 instituit,
830 1679 960 1740 ut'etiam
973 1676 1102 1736 lanilrcio

101 1763 314 1840 assuefaceret,
339 1772 508 1843 vetaretque
524 1763 603 1843 loqui
619 1772 668 1824 aut
684 1781 775 1841 agere
791 1765 942 1842 quicquam
960 1761 1015 1820 uisi
1032 1777 1100 1840 pro·

101 1848 195 1928 palam
221 1857 250 1908 et
274 1847 352 1926 quod
370 1849 400 1907 in
422 1846 539 1908 diurnos
562 1849 782 1911 commentarios
801 1847 975 1914 referretun
1004 1852 1101 1904 extra·

100 1949 220 1992 neorum
242 1931 355 2010 quidem
378 1939 464 1991 coetu
485 1931 558 1992 adeo
583 1927 744 2011 probibuit,
765 1938 796 1991 ut
815 1929 847 1990 L.
865 1929 995 2006 Vicinio,
1017 1927 1138 1989 clarore

101 2017 268 2095 decoroque
286 2015 397 2092 iuveni,
420 2013 572 2094 scripserit
592 2014 750 2094 quondam,
768 2029 884 2093 porum
900 2010 1100 2089 1111111111-

102 2099 182 2162 cisse
207 2117 290 2174 eum,
317 2099 400 2178 quod
420 2097 518 2176 tilium
538 2115 628 2166 auom
647 2097 749 2160 Boios
766 2098 936 2160 salutatum
955 2095 1101 2156 uenisset.

1 2179 3 2258 f
100 2183 234 2262 Nepotes
255 2191 284 2242 et
306 2183 416 2243 litteras
431 2191 461 2242 et
482 2192 583 2244 notare
606 2183 720 2262 aliaque
740 2183 899 2243 rudimenta
921 2190 974 2261 per
989 2198 1022 2240 se
1037 2178 1101 2259 ple·

100 2285 221 2345 rumque
237 2265 335 2326 docuit
349 2285 384 2326 ae
399 2265 467 2327 nibil
482 2285 575 2348 aeque
590 2265 751 2329 elaboravit
772 2283 856 2346 quam
876 2274 906 2325 ut
924 2265 1102 2325 imitarentur

8 2376 11 2382 ¹
102 2350 326 2430 chirographum
342 2369 437 2420 suum:
453 2369 548 2430 neque
564 2353 695 2432 eleuarit
711 2370 774 2428 una,
788 2352 845 2418 ,nisi
859 2359 888 2410 ut
902 2351 931 2409 in
945 2349 1002 2409 imo
1019 2347 1138 2410 lectore

102 2434 279 2512 assiderent,
307 2453 401 2516 neque
422 2437 478 2496 iter
498 2435 581 2514 lecit,
606 2435 661 2496 uisi
682 2443 713 2495 ut
732 2434 867 2501 vehiculo
890 2431 1033 2494 anteirent
1053 2439 1102 2491 aut

57 2522 92 2576 65
103 2522 179 2582 circa
194 2518 403 2600 adequitarent.
429 2510 487 2580 Sed
503 2520 608 2581 laetum
624 2537 688 2580 eum
703 2527 789 2598 atque
804 2517 939 2579 fidentem
951 2525 981 2576 et
996 2513 1102 2575 subole

101 2615 130 2665 et
144 2602 296 2683 disciplina
312 2603 411 2664 domus
422 2603 549 2666 Fortuna
564 2604 700 2664 destituit.
723 2603 819 2679 lulius,
834 2602 921 2662 tiliam
932 2607 1100 2678 etneptem,

1 2730 3 2737 ·
101 2685 232 2748 omnibus
254 2688 369 2767 probris
393 2690 597 2750 contaminatas
618 2688 776 2766 relegavit;
800 2685 833 2746 G.
850 2695 879 2746 et
892 2684 923 2744 L.
946 2685 975 2742 in
992 2680 1099 2743 duode·
1188 2706 1190 2711 ·

100 2771 203 2848 viginti
224 2788 353 2830 mensum
374 2772 469 2850 spatio
492 2772 585 2834 amisit
606 2771 721 2849 ambos,
744 2767 814 2832 (1111
837 2771 865 2828 11
884 2767 987 2844 Lycia,
1009 2766 1136 2826 Lucioao

100 2854 246 2917 Massiliae
270 2853 423 2914 defunctis.
450 2843 587 2916 iteratum
612 2863 749 2935 nepotem
771 2844 945 2932 Agrippam?
959 2850 1101 2930 simulque

101 2939 263 3020 privignum
274 2936 418 2998 Tiberium
434 2939 582 3020 adoptarit
598 2941 627 2999 in
640 2939 705 3000 loro
722 2938 791 3016 lege
807 2937 929 3005 curiata3
945 2933 1101 3013 exquibus
1171 2950 1172 2953 ’

100 3022 262 3101 Agrippam
277 3020 360 3082 breri
373 3022 411 3083 ob
426 3024 569 3102 ingenium
585 3022 730 3084 sordidum
745 3040 780 3082 ac
793 3021 879 3082 ferox
895 3018 1101 3082 1111111111-

101 3105 255 3188 posuitque
271 3106 447 3168 Surrentum.

161 3190 316 3270 Aliquanto
337 3200 431 3253 autem
452 3191 605 3270 patientius
624 3199 745 3252 mortem
767 3207 851 3269 quam
871 3187 1019 3250 dedecora
1034 3201 1135 3255 suo-ss

100 3292 163 3335 rum
180 3273 251 3335 tulit.
280 3273 352 3336 Nam
371 3274 404 3337 G.
418 3275 546 3354 Lucique
567 3293 635 3335 casu
656 3291 715 3334 nou
735 3272 808 3334 adeo
832 3274 956 3349 fractus,
981 3269 1018 3331 de
1040 3270 1101 3330 lilia

101 3357 208 3420 absens
223 3378 258 3421 ao
272 3358 373 3423 libello
388 3378 442 3440 per
457 3367 640 3439 quaestorem
654 3358 775 3419 recitato
791 3353 1014 3417 notumsenatui
1028 3354 1101 3432 lecit

101 3443 295 3524 abstinuitque
319 3462 480 3524 congressu
500 3442 642 3504 bominum
658 3439 705 3502 diu
718 3459 790 3521 prae
807 3439 938 3521 pudore,
960 3437 1101 3501 11111111

80 3678 132 3696 ffi-A
