2444 3872
518 241 548 290 c.
573 239 758 289 CALIGULA.
1084 231 1143 294 145

138 396 208 459 item
220 397 332 458 liomae
348 396 423 458 cella
439 396 560 458 Palatini
580 397 722 456 atriensis.
758 396 822 458 Nee
837 395 988 457 defuerunt
1010 399 1058 476 qni
1075 415 1142 460 con·

138 483 298 558 iectarent,
331 481 423 542 altero
452 490 567 542 ostento
599 481 759 559 perieulum
795 479 999 542 acnstodibus
1028 480 1142 544 dominc

138 564 292 646 portendi,
325 565 417 626 altero
435 565 554 626 caedem
567 583 667 626 rursus
682 566 840 643 insignem,
870 565 962 643 qualis
977 565 1081 627 eodem
1096 565 1142 628 die

137 649 216 710 iacta
234 648 376 730 qnondam
395 649 508 710 inisset.
554 647 723 711 consulenti
744 667 860 729 quoque
880 648 917 709 de
937 651 1071 727 genitura
1091 669 1142 712 sua

113 732 218 794 ⁸Sulla
239 733 456 794 mathematicus
479 735 667 795 certissimam
690 751 793 794 necem
811 735 1047 813 appropinquare
1066 735 1142 796 ailit-

136 818 233 878 mavit.
266 817 438 879 hlonuerunt
456 827 485 878 et
498 817 644 879 Fortunae
660 817 834 894 Antiatinae,
852 825 882 877 ut
900 815 1039 899 Qassio
1058 837 1141 880 eare-

136 910 197 980 ret;¹
225 918 282 981 qua
307 919 394 969 cansa
419 901 469 962 ille
495 900 626 964 Cassium
645 901 805 979 Longinum
825 901 915 962 Asiae
938 910 996 962 tnm
1017 921 1141 982 procon-

136 984 228 1045 sulem
254 985 443 1046 occidendum
472 986 677 1064 delegaverat,
708 988 856 1046 immemor
884 983 1044 1047 Chaeream
1072 985 1142 1048 Gas-

136 1069 209 1128 sium
229 1070 378 1130 nominari.
423 1069 518 1130 Pridie
539 1089 622 1150 quam
645 1072 755 1148 periret
783 1071 948 1147 somniavit,
980 1072 1141 1131 consistere

99 1167 168 1213 mse
193 1153 327 1215 incaelo
348 1155 425 1214 iuxta
452 1155 555 1215 solium
574 1154 669 1232 lovis,
699 1155 909 1233 impulsumque
928 1153 963 1214 ab
988 1172 1024 1215 ec
1047 1154 1141 1215 dextri

1 1295 2 1305 ,
79 1285 81 1290 .
135 1236 219 1318 pedis
237 1238 346 1315 pollice
369 1247 398 1297 et
412 1238 441 1297 in
459 1247 553 1299 terras
576 1239 806 1318 praecipitatum.
851 1237 1052 1315 Prodigiorum
1072 1238 1139 1300 loco

134 1321 232 1382 habita
248 1330 313 1382 sunt
326 1324 427 1398 etiam,
458 1340 531 1401 quae
547 1323 626 1383 iorte
648 1323 698 1382 illo
717 1323 782 1401 ipso
799 1322 845 1383 die
862 1322 949 1401 paulo
968 1324 1047 1401 prins
1065 1324 1139 1382 acci·

135 1405 247 1466 derant.
293 1405 467 1466 sacrificans
489 1425 643 1486 respersus
669 1413 713 1466 est
735 1406 959 1486 phoenicopteri
985 1409 1138 1484 sanguine;

1 1530 2 1538 .
135 1498 165 1550 et
182 1491 372 1568 pantomimus
384 1489 513 1550 Mnester
528 1490 709 1568 tragoediam
724 1489 853 1566 saltarit,
877 1508 961 1568 quam
976 1490 1042 1550 olim
1062 1490 1139 1550 Neo-

1 1574 2 1640 }
98 1572 281 1654 triptolemus
297 1573 456 1652 tragoedus
478 1572 569 1652 ludis,
594 1576 697 1652 quibus
712 1593 765 1634 rex
783 1573 973 1634 blacedonum
990 1573 1140 1653 Philippus

1 1653 2 1687 i
134 1659 251 1719 occisus
279 1665 339 1733 est,
371 1667 487 1735 egeram
521 1667 640 1718 etcum
666 1659 693 1717 in
718 1656 862 1718 Laureolo
890 1659 991 1733 mimo,
1029 1660 1057 1717 in
1083 1675 1139 1736 qno

134 1749 216 1800 actor
233 1742 399 1820 proripiens
424 1760 457 1801 se
482 1742 563 1803 ruina
588 1743 756 1820 sangninem
781 1741 887 1818 vomit,
917 1740 1016 1819 plures
1037 1758 1139 1802 secun-

133 1825 233 1887 darum
261 1825 392 1885 certatim
423 1827 652 1904 experimentum
679 1827 749 1886 artis
776 1825 894 1901 darent,
922 1842 1027 1886 cruore
1053 1842 1141 1886 scena

133 1906 299 1976 abundavit.
343 1907 502 1969 Parabatur
519 1917 548 1970 et
568 1910 596 1969 in
612 1918 728 1971 noctem
744 1908 958 1988 spectaculum,
980 1926 1036 1988 qno
1055 1927 1138 1987 argn-

95 2015 123 2056 so
134 2001 228 2052 menta
247 1992 404 2052 inferorum
424 2011 477 2070 per
493 1992 659 2073 Aegyptios
683 2003 712 2054 et
732 1992 895 2072 Aethiopas
913 1992 1138 2073 explicarentur.

132 2075 225 2138 Vllll.
245 2074 292 2136 lll.
314 2074 402 2135 Febr.
423 2075 494 2137 hora
509 2077 573 2138 iere
595 2080 733 2158 septima,
767 2085 916 2139 cunctatus
941 2095 976 2136 an
997 2077 1033 2139 ad
1055 2090 1182 2156 pren-58

133 2161 209 2221 dium
225 2169 361 2237 surgeret
380 2171 527 2222 marcente
543 2161 635 2222 adhuc
651 2161 802 2224 stomacho
818 2161 939 2240 pridiani
963 2161 1020 2222 cibi
1035 2178 1137 2237 onere,

131 2244 246 2306 tandem
269 2243 456 2305 suadentibus
482 2247 582 2306 amicis
611 2263 751 2324 egressus
781 2255 836 2306 est.
881 2244 952 2307 Cum
974 2247 1003 2306 in
1024 2254 1137 2323 crypta,

131 2346 285 2409 perquam
302 2326 504 2389 transeundum
520 2338 599 2407 erat,
628 2331 711 2410 pueri
726 2328 842 2391 nobiles
857 2348 895 2390 ex
911 2329 982 2390 Asia
998 2329 1034 2390 ad
1052 2329 1138 2390 eden·

93 2430 121 2471 as
133 2411 185 2473 das
201 2414 229 2472 in
253 2429 360 2472 scaena
375 2428 482 2490 operas
498 2415 615 2474 evocati
631 2423 893 2494 praepararentur,
923 2421 955 2471 ut
977 2429 1029 2473 eos
1050 2413 1138 2491 inspi-

100 2491 105 2497 “
132 2504 215 2557 ceret
228 2493 449 2576 hortareturque
465 2497 581 2576 restitit,
600 2516 635 2558 ac
649 2499 704 2559 nisi
721 2499 858 2577 princeps
871 2497 975 2574 gregis
988 2496 1090 2574 algere
1106 2514 1138 2556 se

131 2580 260 2656 diceret,
290 2577 388 2639 redire
409 2597 444 2640 ac
463 2590 686 2661 repraesentare
715 2580 914 2661 spectaculum
939 2580 1038 2640 uoluit.
1080 2579 1137 2639 Dn-

132 2664 203 2745 plex
218 2662 323 2724 dehinc
343 2663 418 2724 lama
440 2673 499 2726 est:
515 2663 563 2726 alii
584 2666 698 2728 tradunt
713 2665 879 2744 adloquenti
896 2681 1004 2744 pueros
1021 2673 1138 2741 atergc

54 2763 57 2768 ·
131 2747 292 2810 Chaeream
309 2749 455 2808 cervicem
470 2747 568 2825 gladio
583 2750 690 2810 caesim
704 2751 834 2827 praviter
847 2750 1041 2828 percussisse,
1054 2749 1136 2828 pra'e·

91 2831 218 2896 comissa
235 2847 327 2892 voce:
353 2825 422 2892 Ploc
437 2833 515 2912 ope!
538 2832 643 2894 dehinc
656 2832 823 2895 Cornelium
838 2832 988 2910 Sabinum,
1016 2832 1137 2894 alterum
1187 2847 1189 2852 ·

130 2936 147 2979 e
176 2915 349 2991 coniuratis,
378 2914 520 2977 tribunum
546 2936 585 2978 ex
610 2917 735 2980 adverso
763 2917 913 2979 traiecisse
939 2925 1057 2997 pectus;
1090 2916 1136 2977 alii

129 2999 282 3076 Sabinum,
310 3008 451 3061 summota
467 3017 521 3079 per
539 3003 675 3063 conscios
694 3003 879 3062 centuriones
896 3001 994 3078 turba,
1022 3001 1137 3079 signum

127 3101 210 3144 more
231 3081 349 3144 militiae
372 3084 500 3161 petisse,
531 3094 559 3145 et
581 3085 652 3147 Gaio
671 3085 770 3147 lovem
795 3084 880 3147 dante
904 3084 1064 3147 Chaeream
1087 3103 1136 3144 ex·

128 3168 287 3229 clamasse:
309 3161 428 3244 Accipe
441 3170 561 3230 rmum!
578 3170 802 3248 respicientique
819 3169 963 3230 manliam
978 3171 1036 3228 ictu
1051 3167 1134 3228 disci·

88 3252 218 3314 sedisse.
262 3249 410 3311 iacentem
438 3255 653 3332 contractisque
669 3252 804 3315 membris
827 3253 1020 3314 clamitantem
1042 3269 1076 3312 se
1092 3251 1135 3312 υἱ-

126 3353 202 3398 cere
230 3333 322 3396 ceteri
350 3332 517 3396 vulneribus
546 3338 662 3415 triginta
692 3337 895 3407 coniecerunt3
930 3349 996 3398 nam
1023 3337 1136 3414 signum

128 3429 192 3481 erat
213 3418 352 3481 omnium:
384 3418 520 3498 Repete!
551 3420 673 3497 Quidam
694 3423 779 3482 etiam
799 3438 853 3500 per
876 3418 1005 3480 obscena
1027 3421 1135 3481 ierrum

127 3503 300 3593 adegerunt.
345 3498 392 3562 Ad
413 3503 533 3582 primum
555 3505 702 3568 tumultum
716 3504 847 3565 lecticari
865 3503 1091 3651 eum¹a0sseribns
1106 3503 1136 3561 in

180 3607 335 3650 sustollitis.
