2438 3872
6 2 13 138 t

6 141 9 260 l
471 185 645 236 canes.
747 205 749 210 ·
1005 171 1065 236 201

87 359 135 421 qur
145 339 317 420 procuranti,
326 357 392 400 cum
403 348 471 400 enta
482 339 519 400 de
530 339 660 400 manibus
672 340 767 419 aquila
778 339 922 420 rapuisset
933 349 963 400 et
974 341 1068 400 iniru·

6 439 7 446 ¹
87 425 198 504 giferam
216 433 353 502 quercum
373 423 558 501 contulisset,
579 441 752 502 responsum
774 433 835 501 est,
858 437 994 485 summum
1015 423 1071 484 sed

86 525 172 570 serum
182 506 332 585 imperium
349 505 482 586 portendi
499 507 642 578 familiam
664 517 693 567 et
709 503 760 570 ille
773 507 895 568 irrideus
906 501 1007 583 Sauo,
1026 509 1068 566 in*

6 667 8 672 ,
86 594 149 672 quit,
160 607 227 654 com
236 590 322 654 mulo
328 592 496 670 pepererit.
533 591 611 653 ttttit
631 592 724 670 aeque
741 601 844 671 postea
857 589 975 654 Galbam
998 599 1068 652 ten·

65 684 204 756 aptantem
217 692 267 736 res
281 687 372 738 nurse
385 675 563 736 coniirmsvit
574 693 659 756 quum
669 674 764 736 mulae
776 686 886 756 partus,
902 673 1051 754 ceterisqu

85 769 113 821 ut
123 759 276 820 obscenum
289 766 431 819 ostentum
444 758 678 838 abhorrentibus,
692 759 773 820 solus
783 776 838 840 pro
848 760 1009 820 laetissimo
1021 773 1059 818 ac
1132 829 1134 834 Ι

86 845 158 923 cepit
166 857 276 904 memor
288 843 423 906 setridcii
436 842 562 922 dictique
573 846 630 904 avi.
705 843 707 850 '

145 927 262 1005 Sumpta
274 926 349 988 virili
360 936 440 1005 toga,
453 929 605 988 somniauit
616 927 771 988 Fortunam
783 926 935 1005 dicentem,
948 934 1025 985 stare
1035 943 1072 985 se

83 1011 234 1074 unteiores
245 1009 400 1089 dolesum,
417 1021 446 1072 et
457 1012 511 1072 nisi
523 1013 604 1073 ocius
615 1012 811 1090 reciperetur,
831 1013 1000 1089 cuicumque
1019 1009 1073 1068 ob·

51 1109 75 1150 1⁰
86 1097 130 1157 rio
141 1093 266 1173 praedae
278 1093 410 1158 buturum⁴
443 1095 539 1174 thue
556 1095 723 1173 evigilavit,
741 1103 843 1174 aperto
864 1095 938 1154 strio
957 1091 1071 1154 simula·

41 1207 43 1211 ·
84 1197 159 1242 crum
173 1191 296 1238 aeneum
314 1177 387 1239 deae
405 1178 521 1240 cubitali
536 1180 627 1238 maius
644 1181 722 1240 iuxta
739 1179 826 1238 limen
844 1177 967 1253 invenit,
984 1177 1073 1254 idque

83 1263 190 1342 premio
205 1277 258 1322 suo
274 1261 444 1341 Tusculum,
463 1261 511 1323 nbi
533 1265 677 1324 umtivare
698 1269 865 1340 consueret,
884 1263 984 1322 avexit
999 1261 1073 1320 etin

6 1407 8 1430 ,
83 1355 164 1427 purte
180 1345 292 1407 sedium
312 1355 513 1408 consecratum
530 1347 684 1407 menstruis
702 1346 843 1426 deinceps
855 1344 1071 1424 supplicationi·

6 1435 7 1450 l
82 1431 135 1492 bns
147 1438 176 1490 et
187 1428 345 1509 pervigilio
360 1431 559 1492 anniversario
572 1430 670 1491 coluit.

49 1534 74 1574 so
140 1514 316 1591 Quamquam
327 1522 421 1574 sutem
434 1513 559 1575 neudum
570 1522 666 1574 aetate
679 1514 837 1590 constanti,
855 1519 987 1572 veterem
1002 1509 1071 1569 ciui

7 1601 8 1604 ’
81 1600 147 1660 tatis
163 1595 367 1675 exoletumque
386 1615 496 1657 morem
513 1616 547 1658 ac
565 1607 671 1658 tuntum
690 1600 719 1662 in
738 1596 822 1657 domo
841 1615 892 1656 sua
905 1595 1072 1655 haerentem

82 1680 305 1744 obstinatissime
315 1682 445 1758 retinuit,
458 1690 489 1742 nt
506 1680 601 1741 liberti
618 1683 756 1760 servique
774 1681 820 1740 bis
838 1679 885 1739 die
902 1679 1073 1756 frequentes

81 1766 216 1828 adessent
228 1781 263 1826 aa
273 1779 357 1824 mane
369 1765 495 1843 saluere,
506 1767 626 1844 vesperi
636 1764 735 1826 ualere
747 1764 801 1824 sibi
815 1762 920 1840 singuli
932 1760 1070 1820 dicerent.

80 1849 159 1912 luter
174 1847 313 1911 liberales
329 1848 496 1928 disciplinas
515 1849 634 1910 attendit
650 1857 679 1908 et
696 1849 758 1908 iuri.
791 1846 877 1908 Dedit
890 1855 919 1905 et
929 1845 1102 1905 matricio-t

44 1935 130 1994 tenio
148 1949 282 2013 operum
301 1947 415 2010 verum,
436 1934 541 1995 emissa
561 1950 653 1994 uxore
668 1932 778 2010 Lepida
794 1931 964 2009 duobusque
982 1945 1020 1987 err
1038 1943 1074 1988 es

81 2017 162 2094 liliis,
180 2017 317 2077 remansit
333 2018 361 2078 in
374 2016 532 2093 caelibatu,
550 2035 645 2096 neque
665 2016 814 2078 sollicitari
832 2014 891 2076 ullu
905 2011 1074 2072 condicione
1180 2029 1183 2036 ⁴

80 2100 204 2179 emplius
217 2101 319 2178 potuit,
331 2114 368 2160 ue
382 2100 564 2180 Agrippinae
584 2097 712 2180 quidem,
726 2101 857 2160 viduatae
873 2106 967 2158 morte
976 2094 1073 2155 Domi·

79 2186 128 2261 tii,
152 2200 227 2263 quae
249 2184 379 2246 maritum
398 2195 514 2264 qnoque
537 2184 629 2245 adbuc
648 2183 771 2245 necdum
793 2182 935 2245 caelibem
955 2178 1075 2242 Galbam

80 2267 158 2330 adeo
178 2266 309 2329 omnibus
326 2268 533 2329 sollicitauerat
546 2263 656 2346 modis,
674 2278 703 2330 nt
721 2271 749 2329 in
772 2275 917 2329 conventu
933 2273 1075 2325 matrona·

43 2369 146 2413 etrum
156 2359 301 2496 pprreptu
325 2352 419 2430 iurgio
434 2361 521 2431 atque
542 2355 627 2414 etiam
651 2370 735 2413 manu
758 2351 871 2431 pulsata
890 2350 961 2410 sita
984 2356 1079 2406 matre

79 2436 154 2515 Lepi
193 2452 220 2494 e.

148 2517 322 2580 Obseruauit
336 2527 401 2580 unte
417 2521 508 2580 omnis
524 2520 633 2582 Liviam
650 2520 826 2596 bugamum,
846 2517 926 2577 cuins
944 2525 975 2576 et
992 2515 1079 2574 virae

79 2603 179 2682 grstia
197 2601 348 2681 plurimum
365 2603 453 2664 vulnit
472 2613 502 2663 et
521 2610 651 2664 mortuae
668 2610 839 2663 testamento
858 2617 952 2680 pueue
973 2598 1083 2658 ditatus.

80 2695 143 2758 cst;
158 2687 322 2756 sestertium
334 2704 458 2765 namque
472 2687 656 2765 quingenties
669 2703 732 2747 cum
744 2686 932 2765 praecipuum
946 2685 1020 2743 iuter
1034 2681 1076 2740 le·

8 2787 10 2836 1
41 2785 69 2828 eo
78 2770 215 2850 gaterius
226 2769 382 2848 habuisset,
396 2771 462 2850 qnia
472 2780 569 2832 notatu
581 2788 639 2832 uon
651 2771 814 2850 perscripta
826 2777 1014 2841 contemne,
1027 2764 1077 2824 be·

8 2883 9 2894 κ
77 2851 822 2934 redeTiberiolegatumadquingentarevocaute,
835 2847 1078 2929 nebuecqnidem

8 2947 10 2964 '
78 2955 158 2998 acce
180 2938 211 2996 it.

8 2967 12 3118 Ξ
147 2955 316 3080 gonoribus
341 3030 406 3082 unte
428 3022 586 3100 legitimum
608 3032 722 3101 tempus
748 3021 841 3099 initis,
861 3028 979 3101 praetor
1002 3027 1112 3080 com-6

8 3119 10 3128 ¹
77 3105 226 3180 missione
242 3103 374 3166 ludorum
389 3105 547 3168 Floralium
571 3123 676 3167 norum
703 3104 864 3185 spectaculi
881 3119 992 3181 genus,
1019 3100 1080 3160 ele·

8 3147 12 3266 l
39 3205 68 3248 us
77 3187 424 3268 pbuntosiunambnlos,
435 3190 537 3260 edidit;
557 3190 624 3250 exin
636 3191 806 3269 provinciae
819 3187 991 3267 Aquitaniae
1006 3198 1081 3244 anno

8 3279 10 3308 l
76 3273 150 3334 lere
171 3272 313 3350 praefuit3
336 3289 405 3335 mun
427 3274 607 3335 consulatum
629 3291 756 3352 persen
777 3289 893 3333 menses
910 3268 1082 3329 ordinarium

8 3381 12 3394 2
77 3357 193 3436 gessit,
206 3358 362 3437 evenitque
374 3357 444 3418 utin
456 3374 492 3418 eo
512 3357 576 3436 ipse
586 3358 617 3418 L.
628 3357 754 3419 Domitio
773 3357 847 3436 putri
863 3353 1007 3428 Neronis,
1025 3350 1084 3428 ipsi

76 3439 205 3500 Salvius
217 3435 291 3514 Otleo
304 3449 388 3521 puter
406 3439 528 3502 Othonis
546 3441 728 3520 succederet,
740 3440 821 3501 volut
840 3434 1025 3518 praesepium
1041 3435 1083 3493 iu·
