2438 3872
461 243 690 292 nourrrnuus.
1018 234 1078 296 253

79 397 293 479 exemplaribus
304 397 429 476 undique
441 399 554 477 petitis,
572 398 726 478 missisque
737 398 952 462 Alexandream
966 401 1013 480 qui
1030 401 1079 461 de·

79 483 240 547 scriberent
252 482 505 561 emendareutque.
530 481 689 561 Numquam
702 491 796 543 tamen
809 493 856 544 aut
867 484 1005 546 historiae
1018 503 1079 546 car·

79 567 238 628 minibusve
258 565 413 634 noscendis
432 583 552 646 operam
569 566 655 626 ullam
679 577 726 628 aut
744 567 810 628 stilo
836 567 883 628 vel
908 563 1077 629 necessario

6 717 8 736 ι
80 651 166 711 dedit.
204 651 325 712 Praeter
345 652 567 711 commentarios
590 660 619 712 et
641 660 706 712 acta
729 651 828 712 Tiberi
850 650 987 713 Caesaris
1009 652 1078 714 nibil
1100 653 1156 712 ιιι·

6 741 8 816 p
53 735 241 805 clectitabat;
258 735 398 815 epistolas
410 736 615 814 orationesque
628 744 656 795 et
668 734 763 796 edicta
774 735 871 797 alieno
883 737 1027 799 formabat
1039 740 1079 796 in·

6 817 8 884 ἶ
80 821 176 898 genio.
199 819 349 880 Sermonis
361 828 456 880 tamen
467 837 522 880 nec
534 819 720 897 inelegantis,
732 819 873 882 dictorum
886 821 1025 883 interdum
1038 831 1078 882 et

6 899 7 906 '
80 907 134 965 iam
150 903 334 980 notabilium,
363 901 475 964 Vellem
498 905 588 982 inquit
607 911 670 966 tum
686 903 847 982 famosae
873 922 957 982 case,
987 923 1079 986 qaam

6 1047 7 1054 ,
75 987 212 1050 Musteus
223 987 286 1048 saba
298 987 442 1059 cadatur
434 996 484 1048 et
495 987 642 1048 cuiusdam
654 997 741 1067 caput
750 990 890 1050 varretate
902 990 1000 1070 caprlb
1013 989 1079 1050 sub
1160 985 1174 1048 ,ι’
1212 1059 1213 1062 ¹

6 1061 9 1136 Ϊ
79 1071 192 1133 rutilum
215 1082 243 1132 et
269 1073 400 1133 incanum
418 1071 581 1150 perfusum
595 1073 695 1132 uicem
708 1073 808 1134 mulso
824 1073 907 1142 dixit;
933 1073 1078 1135 condicio·
1088 1063 1159 1132 21
1197 1101 1202 1132 r

37 1173 144 1223 sonem
163 1157 324 1235 principum
341 1158 527 1216 miserrimam
545 1156 655 1256 aiebat,
661 1155 787 1255 ‘quibua
807 1157 846 1218 da
867 1158 1081 1221 coniuratione
1090 1105 1199 1266 s

80 1246 238 1318 compertu
252 1258 314 1302 cora
330 1240 508 1301 crederetur
521 1241 585 1301 uisi
599 1240 722 1302 occisis.
919 1264 1088 1314 ...a-‘7'
1169 1255 1180 1268 ·’

142 1323 284 1400 Quotiens
296 1327 383 1385 otium
397 1333 492 1401 esset,
512 1324 576 1385 alea
589 1343 621 1384 se
637 1324 818 1402 oblectabat,
838 1326 922 1385 etiam
940 1325 1079 1403 profestis

17 1456 23 1464 .
79 1408 180 1470 diebus
191 1409 393 1488 matutinisque
408 1409 498 1486 boris,
510 1427 544 1470 ac
554 1408 669 1468 lavabat
683 1407 719 1469 de
731 1407 791 1486 die,
808 1407 1025 1487 prandebatque
1044 1409 1079 1468 ad

79 1495 249 1569 satietatem,
262 1501 292 1553 ut
303 1509 360 1553 nou
372 1502 483 1554 temere
494 1510 653 1582 super
598 1509 716 1566 caenam
728 1502 845 1572 praeter
855 1493 1009 1554 Matianum
1020 1507 1101 1552 ma·
1152 1569 1154 1576 γ

39 1579 137 1644 relum
152 1585 181 1636 et
197 1576 367 1639 modicam
359 1577 528 1657 mampullo
549 1561 744 1656 potiunculam
765 1587 900 1637 sumeret.
935 1575 1077 1637 Conviva

79 1662 162 1722 batur
172 1661 342 1739 frequenter
355 1681 389 1722 ao
403 1661 497 1740 large,
514 1660 566 1721 sed
582 1679 676 1740 paene
693 1663 809 1742 raptim;
830 1670 911 1721 certe
931 1679 989 1720 non
1005 1661 1079 1721 ultra

79 1745 152 1806 solis
170 1763 323 1822 occasum,
340 1763 396 1806 nee
414 1754 443 1805 ut
464 1755 567 1825 postea
588 1745 803 1806 comissaretur.
835 1744 907 1806 Nam
926 1745 961 1804 ad
978 1744 1078 1805 boram
1173 1743 1177 1756 ¹

79 1829 172 1891 somni
183 1828 252 1888 nibil
267 1829 342 1890 aliud
354 1848 437 1908 quam
448 1831 528 1890 solus
539 1839 656 1890 secreto
668 1829 879 1890 deambulabat.
1212 1905 1213 1908 Ἴ

140 1912 277 1974 Libidinis
288 1915 399 1991 nimiae,
414 1914 609 1974 assiduitatem
624 1912 793 1974 concubitus
805 1913 884 1974 velut
895 1915 1080 1974 exercitatio·
1089 1919 1121 1970 aa

39 2023 69 2064 ιο
81 1994 411 2077 nisgenus-olinopalen
428 1997 569 2068 vocabam
592 2007 712 2077 eratque
733 1997 821 2076 lama,
843 1999 925 2078 quasi
944 1997 1079 2058 concubi·

6 2147 8 2166 ἰ
78 2101 132 2143 nas
143 2083 208 2160 ipse
220 2081 384 2142 deuelleret
395 2091 564 2162 nataretque
582 2084 656 2143 iuter
674 2082 888 2160 uulgatissimas
900 2081 1080 2143 meretrices.

6 2189 8 2210 ι
78 2166 191 2230 Fratris
209 2167 311 2244 liliam,
331 2165 423 2228 adhuc
441 2168 582 2266 virginem
604 2165 729 2228 oblatam
752 2169 780 2226 in
798 2166 1007 2228 matrimonium
1026 2166 1080 2226 sibi
1109 2211 1114 2218 -

6 2251 8 2284 ³
80 2268 145 2312 cum
157 2249 307 2311 devinctus
318 2249 462 2311 Domitiae
473 2251 579 2330 nuptiis
592 2253 821 2328 pertinacissime
833 2261 1010 2328 recusasset,
1022 2269 1080 2310 non

78 2335 169 2396 multo
183 2345 263 2414 post
266 2335 315 2396 alii
333 2335 514 2396 conlocatam
524 2338 675 2414 ,corrupit
688 2335 763 2396 ultro
778 2345 807 2396 et
823 2335 938 2418 quidem
955 2337 1022 2396 viro
1040 2345 1079 2394 et·

39 2438 69 2480 aa
79 2422 135 2480 iam
148 2428 205 2478 tum
217 2417 298 2488 'l'ito;
316 2437 384 2478 mox
397 2429 479 2497 patre
492 2431 527 2480 ac
538 2421 600 2479 viro
614 2420 743 2481 orbatam
760 2419 959 2484 ardentissime
974 2419 1080 2498 palam-

79 2522 138 2584 que
151 2502 261 2581 dilexit‚
274 2513 303 2562 ut
317 2506 402 2564 etlam
414 2522 501 2566 causa
514 2505 615 2562 mortis
631 2505 757 2564 extiterit
769 2513 889 2566 coactae
908 2511 1081 2604 conceptum

19 2605 22 2612 ·
80 2605 144 2650 ase
156 2587 287 2666 abigere
1032 2600 1213 2661 *mmm

6 2669 8 2700 ÷
145 2669 280 2732 Occisum
296 2690 361 2732 eum
373 2672 499 2750 populus
516 2671 730 2748 indifferenter,
741 2670 825 2731 miles
836 2670 1008 2748 gravissime
1020 2669 1125 2730 totitas

79 2757 234 2836 statimque
249 2756 351 2816 Divum
364 2755 515 2835 appellare
528 2764 648 2816 conatus
660 2763 716 2832 est,
727 2763 846 2834 paratus
858 2763 887 2813 et
901 2753 1014 2832 ulcisci,
1028 2754 1083 2814 nisi

43 2863 70 2904 oo
81 2841 173 2902 duces
191 2840 365 2911 defuissent;
385 2838 462 2919 quod
476 2839 591 2919 quidem
602 2839 689 2919 paulo
703 2849 771 2918 post
788 2838 872 2915 iecit,
892 2837 1083 2918 expostulatis

79 2926 117 2988 ad
129 2943 256 3006 poenam
271 2925 502 3004 pertinacissime
519 2923 616 2985 caedis
632 2923 808 2984 auctoribus.
842 2921 951 2984 Contra
966 2933 1083 2984 senatus

79 3010 156 3072 adeo
174 3009 298 3072 laetatus
314 3018 376 3086 est,
394 3020 422 3069 ut
440 3009 554 3088 repleta
573 3011 704 3070 certatim
722 3010 801 3070 curia
819 3026 877 3069 non
894 3017 1082 3089 temperaret,

79 3095 150 3175 quiu
165 3093 306 3171 mortuum
323 3094 615 3154 contumeliosissimo
630 3101 715 3192 atque
733 3092 923 3158 acerbissimo
941 3091 1082 3153 adclama-

78 3181 191 3242 tionum
208 3196 320 3279 genere
338 3165 508 3256 laceraret,
523 3177 619 3239 scalas
637 3178 722 3237 etiam
738 3177 839 3237 inierri
862 3178 1035 3257 clipeosque
1056 3184 1084 3234 et

44 3266 225 3364 mimaglues
242 3264 304 3324 eius
323 3280 421 3323 coram
433 3261 544 3322 detrahi
557 3271 587 3323 et
598 3261 704 3322 ibidem
715 3262 781 3322 solo
792 3262 883 3340 afiligi
895 3261 1019 3339 iuberet,
1032 3277 1084 3320 no

78 3349 199 3409 vissime
217 3347 380 3414 eradendos
396 3346 503 3426 ubique
528 3346 626 3407 titulos
644 3345 874 3425 abolendamque
892 3363 1005 3406 omnem
1025 3361 1084 3403 me

78 3433 202 3494 moriam
214 3429 397 3493 decerneret.
1025 3402 1147 3480 s

145 3517 222 3578 Ante
235 3534 346 3596 paucos
359 3533 444 3597 quam
455 3515 638 3577 occideretur
650 3533 766 3576 menses
781 3517 883 3576 cornix
898 3518 926 3574 in
939 3511 1084 3595 Capitolio
