2438 3872
486 174 716 224 nounnmnus.
1041 163 1101 224 251

103 331 228 394 delatum
238 347 294 390 nec
307 330 483 407 infitiantem,
501 279 628 390 iactasse}
640 349 674 392 se
691 347 765 409 quae
785 330 961 410 providisset
975 348 1013 392 ert
1030 339 1103 410 arte,

103 415 266 477 sciscitatus
284 422 337 491 est,
352 415 416 492 quis
432 416 525 493 ipsum
535 424 665 476 manaret
677 416 787 484 exitum
803 424 833 476 et
845 415 1042 492 affirmantem,
1058 415 1102 476 fo·

102 519 137 562 re
151 509 180 560 ut
194 498 276 558 breui
293 498 471 560 laceraretur
489 516 505 559 a
521 499 654 575 canibus,
667 499 791 560 interhci
802 499 916 578 quidem
929 501 992 558 siue
1010 517 1102 577 mora,

13 655 14 658 Ἴ
102 583 156 645 sed
171 582 207 642 ad
233 582 446 660 coarguendam
465 583 656 644 temeritatem
674 585 744 644 artis
768 583 891 662 sepeliri
923 601 1039 662 quoque
1055 602 1102 644 ac·

74 668 284 729 sacratissima
295 668 455 745 imperauit.
489 665 574 742 Quod
587 685 650 727 curu
663 668 761 745 lieret,
778 669 875 728 euenit
889 676 932 743 ut,
951 667 1102 746 repentiu‘a

12 769 13 796 ι
102 758 276 830 tempestate
292 749 408 812 deiecto
427 750 545 827 funere,
567 753 733 812 semiustum
751 751 878 827 cadauer
901 751 1103 830 discerperent

12 855 13 858 ¹
102 854 207 913 canes,
221 834 308 913 idque
321 836 350 894 ci
361 836 492 914 caerranti
503 853 521 896 a
531 837 616 896 mimo
627 835 742 912 Latino,
761 837 809 914 qui
825 837 1006 915 praeteriens
1024 836 1101 896 forte

102 919 353 995 animaduerterat,
365 921 440 978 inter
453 929 568 980 ceteras
580 920 636 980 diei
648 919 763 982 fabulas
774 920 944 981 referretur.

166 1002 260 1064 Pridie
276 1019 359 1082 quam
370 1004 489 1082 periret,
502 1021 566 1064 cuna
578 1003 694 1066 oblatos
706 1004 824 1066 tuberes
841 1006 953 1066 servari
971 979 1205 1072 iussisseth

63 1091 130 1154 rain
145 1088 308 1163 crastinum,
321 1086 441 1148 adiecit:
457 1086 495 1150 Si
513 1088 604 1152 modo
619 1089 666 1150 uti
683 1089 823 1150 licuerit!
841 1098 870 1150 at
888 1106 1048 1151 conversus
1067 1088 1103 1149 ad

102 1174 252 1252 proximos
264 1171 425 1249 affirmavit,
437 1171 509 1250 fore
520 1179 555 1232 ut
567 1173 705 1252 sequenti
718 1171 769 1235 die
782 1173 857 1234 luna
870 1191 906 1234 se
919 1173 953 1236 in
968 1172 1102 1253 aquario

102 1262 279 1318 cruentaret
289 1254 467 1338 fectamque
476 1257 605 1335 aliquod
615 1257 771 1334 existeret,
784 1257 822 1316 de
835 1275 894 1337 qne
906 1258 1103 1337 loquerentur

101 1340 239 1402 muninus
247 1358 308 1419 per·
323 1340 602 1402 tmurumorbem.
623 1339 1000 1407 Alcircamadiamnoctenr
1012 1344 1103 1404 itsest

102 1426 268 1500 exterritus,
282 1431 312 1483 ut
324 1443 341 1484 a
355 1432 446 1484 strato
459 1424 617 1503 prosiliret.
645 1424 757 1486 Dehinc
767 1443 853 1486 mane
868 1424 1052 1506 haruspicem
1065 1443 1103 1486 ex

65 1530 91 1571 rs
103 1508 255 1570 Germania
269 1508 397 1583 missum,
409 1510 458 1586 qui
471 1509 620 1569 consultus
631 1509 667 1570 de
679 1509 794 1586 fulgure
811 1511 995 1572 mutationem
1006 1525 1102 1570 rerunt
1215 1561 1217 1566 .

101 1592 301 1673 praedixerat,
326 1591 413 1652 audiit
431 1591 707 1672 condemnavimus:
724 1611 759 1652 ac
776 1593 841 1654 dum
859 1594 1056 1655 exulceratam
1073 1594 1103 1654 iu

101 1679 197 1738 fronte
219 1693 370 1736 uerrucam
394 1675 590 1740 vehementius
613 1675 736 1756 scalpit,
764 1677 926 1756 profluente
951 1672 1102 1757 sanguine,

70 1767 76 1780 ’
103 1759 227 1822 Utinam
243 1760 333 1838 inquit
352 1760 519 1822 haetenus!
547 1759 627 1822 Tunc
645 1761 733 1822 horas
745 1762 905 1840 requirenti
922 1779 976 1841 pro
995 1763 1102 1840 quinta,

103 1863 189 1925 quarn
204 1843 366 1922 metuebat,
388 1854 472 1908 sexta
492 1863 530 1906 en
547 1843 686 1906 industria
708 1848 834 1907 nuntiata
856 1855 910 1906 est.
953 1846 1005 1907 His
1023 1844 1103 1906 velut
1216 1877 1217 1888 2

64 1949 92 1994 eo
103 1937 249 1991 transacto
261 1931 317 2002 iam
329 1928 461 2008 periculo
474 1929 590 2006 laetum,
603 1929 844 2008 festinantemque
855 1929 891 1991 ad
904 1931 1039 2010 corporis
1055 1947 1102 1992 ou·
1215 1987 1216 1990 ,

101 2011 162 2075 ram
175 2012 344 2074 Parthenius
357 2011 492 2074 cubiculo
499 2015 689 2093 praepositus
703 2016 861 2089 convertit,
879 2016 1011 2076 nuntians
1023 2031 1102 2088 esse,
1214 2025 1216 2064 ἰ

103 2100 151 2177 qui
162 2113 296 2174 magnum
308 2099 408 2158 nescio
421 2097 488 2176 quid
499 2097 625 2175 afferrat,
638 2115 693 2160 neu
705 2097 902 2159 differendum.
918 2097 1019 2178 ltaque
1028 2115 1102 2160 sum-
1213 2099 1215 2160 J

1 2189 2 2194 ’
100 2182 189 2242 motis
201 2181 343 2266 omnibus,
356 2183 385 2241 in
398 2182 560 2242 cubiculum
571 2200 603 2242 se
616 2183 730 2261 recepit
741 2191 828 2262 atque
840 2182 878 2243 ibi
894 2185 1011 2244 occisus
1026 2190 1080 2242 est.
1079 2170 1171 2257 s

5 2265 8 2272 ’
163 2265 208 2326 Ile
221 2265 385 2326 insidiarum
396 2265 555 2346 caedisque
565 2284 676 2343 genere
691 2266 763 2327 haec
780 2267 844 2326 fere
863 2264 1009 2345 diuulgata
1027 2255 1144 2343 suntsi
1193 2311 1195 2320 s

1 2374 8 2415 χ
22 2349 311 2414 reclamantibus
324 2351 513 2429 conspiratis,
532 2351 645 2430 quando
658 2359 687 2410 et
702 2368 759 2430 quo
777 2350 882 2428 ruodo,
901 2350 989 2411 idest
1005 2351 1102 2411 lavau-

101 2445 199 2497 temue
211 2452 247 2494 an
260 2443 444 2518 operantem,
462 2433 709 2512 adgrederentur,
733 2435 916 2516 Stephanus,
936 2433 1125 2495 Domitillaet

102 2527 287 2600 procurator,
301 2527 330 2578 et
341 2526 409 2578 tuuc
422 2521 646 2597 interceptarum
659 2520 845 2598 pecuniarum
856 2537 934 2596 reus,
953 2517 1104 2579 consilium

1 2620 2 2625 ’
47 2641 51 2666 ,ι
102 2619 282 2684 operamque
295 2602 407 2681 optulit.
437 2602 483 2664 hc
498 2604 678 2666 sinisteriore
689 2601 823 2680 brachio,
836 2603 915 2664 uelut
933 2619 1041 2679 aegro,
1062 2601 1102 2662 la·
1210 2597 1211 2600 ’

40 2691 43 2700 ’
102 2689 147 2750 nis
158 2687 317 2766 fasciisque
329 2705 382 2766 per
393 2686 503 2765 aliquot
518 2685 582 2748 dias
598 2685 635 2748 ad
649 2685 834 2748 auertendam
846 2689 1041 2766 suspicionem
1051 2683 1102 2746 ob·
1208 2695 1209 2740 3

66 2795 94 2838 aa
103 2771 216 2848 voluto,
229 2770 266 2832 ad
278 2773 369 2850 ipsam
380 2770 480 2836 horam
492 2768 629 2834 dclouarn
641 2772 799 2838 interiecit:
812 2771 1021 2851 professusque
1033 2782 1102 2830 uon·

102 2857 270 2938 spirationis
282 2855 415 2920 indicium
426 2865 456 2916 et
468 2853 506 2916 ob
518 2854 575 2918 hoc
587 2853 745 2932 admissus,
763 2854 873 2934 legenti
889 2855 1024 2916 traditum
1042 2854 1103 2914 ase
1205 2847 1208 2950 j

33 2956 52 2992 ⁶
101 2940 233 3002 libellum
245 2949 273 3002 et
286 2941 406 3000 attonito
417 2938 533 3002 suffodit
543 2939 670 3016 inguina.
702 2939 835 3002 sanctam
847 2958 882 3000 au
893 2947 1103 3020 repugnantem
1201 2952 1207 2976 ··

103 3025 196 3091 adorti
208 3023 364 3086 Clodianus
378 3023 601 3100 cornicularius,
618 3033 647 3084 et
663 3023 803 3084 Maximus
821 3023 955 3086 Partheni
973 3023 1103 3097 libertus,
1196 3079 1201 3089 ,

103 3119 137 3172 et
150 3110 280 3170 Saturius
299 3107 418 3168 decurio
441 3107 695 3184 cubiculariorum,
714 3107 874 3186 etquidem
893 3127 910 3169 e
928 3106 1103 3185 gladiatorio

66 3193 172 3260 caludo
185 3193 354 3256 uulneribus
373 3201 486 3272 septem
498 3191 741 3253 contrucidarunt.
764 3193 850 3269 Puer,
863 3193 911 3270 qui
922 3209 991 3253 arae
1002 3190 1105 3250 harum
1192 3196 1197 3205 '

104 3275 228 3338 cubiculi
243 3297 282 3340 ex
293 3276 502 3338 consuetudine
514 3276 654 3336 assistens
665 3276 793 3336 interfuit
805 3275 899 3351 caedi,
912 3274 968 3336 hoc
981 3275 1105 3353 amplius
1158 3335 1161 3342 ,

102 3361 252 3441 narrabat,
273 3363 381 3424 iussum
396 3380 429 3426 se
440 3377 457 3424 a
468 3359 631 3420 Domitiano
643 3358 681 3420 ad
695 3360 815 3438 primurn
831 3361 926 3419 statim
938 3359 1040 3418 vulnus
1054 3377 1104 3437 pu·
1180 3423 1184 3435 ,

102 3446 352 3528 gicesmpuluino
371 3445 513 3508 subditum
529 3444 682 3520 porrigere
702 3461 737 3504 ac
754 3444 901 3504 ministros
913 3460 1039 3517 vocure,
1056 3461 1105 3504 ae·

733 3559 738 3572 a

468 3587 484 3624 Υ
503 3581 583 3646 ιἰιΐέίχ
598 3614 619 3642 p„
640 3581 675 3632 T}
702 3599 788 3639 „fultum
