2438 3872
102 109 163 167 264
353 117 382 166 c.
399 117 590 166 sonnonrus
607 117 850 178 cennomannis

58 286 92 338 15
164 271 312 348 Lenaeus,
334 272 432 351 Magni
446 272 568 352 Pompei
589 271 710 332 libertus
730 281 759 332 et
776 291 856 352 pene
870 273 993 332 omnium
1012 289 1108 350 expe·

102 357 239 415 ditionum
256 373 370 433 comes,
394 356 531 417 deiuncto
552 375 587 416 eo
606 356 731 434 filiisque
748 357 811 416 eius
826 356 927 416 schola
941 374 975 415 se
990 365 1107 415 susten·
1200 353 1202 360 ⁴

101 442 185 507 tavit;
202 438 357 519 docuitque
374 441 403 499 iu
419 439 531 505 Carinis
552 441 588 500 ad
604 439 744 516 Telluris,
765 443 793 500 in
808 459 864 519 qua
882 441 1005 517 regione
1020 439 1107 500 Pom-

102 527 234 603 peiorum
249 522 351 584 domus
366 525 476 602 luerat,
500 543 535 585 ac
551 533 630 584 tanto
650 542 748 585 amore
769 541 841 601 erga
862 525 975 602 patroni
995 541 1106 582 memo-

102 611 172 668 riam
188 609 297 685 extitit,
314 617 344 668 ut
359 571 525 668 Sallustium
540 609 707 669 historicum
714 608 823 687 ,quod
838 625 900 668 enm
918 608 983 668 oris
997 606 1105 686 prodi,
1122 633 1135 673 ι

103 693 205 752 ocimo
226 691 432 753 inverecundo
454 694 639 773 scripsisset,
669 692 855 752 acerbissima
876 701 972 766 satyra
992 693 1106 751 lacera-

16 772 191 875 afflant,
207 775 381 836 tarseorum
396 783 425 837 et
442 777 598 838 burconem
613 783 643 836 et
664 776 844 837 rtebalonem
858 772 1107 854 popinone'che

77 873 83 990 p
83 857 269 939 appellans,
287 868 317 920 et
331 860 399 921 olto
413 861 598 940 scriptisque
619 869 839 936 monstrosum,
854 866 1023 938 praeterea
1036 860 1104 937 pri-

77 954 224 1004 tseorem
239 941 431 1024 Catonisque.
441 945 604 1006 amborum
618 944 888 1006 ineraditissimum
898 942 1009 1022 surena
1035 940 1107 1003 Tra-

104 1029 177 1088 ditur
195 1036 289 1087 autem
307 1047 380 1107 puer
396 1027 490 1089 adbuc
508 1029 631 1089 Athenis
651 1038 816 1108 surreptus,
839 1029 985 1105 refugisse
1005 1028 1033 1086 in
1055 1045 1106 1106 pe·
1120 1043 1144 1083 ιι

103 1113 200 1188 triam,
218 1115 425 1191 perceptisque
440 1112 609 1173 liberalibus
624 1111 800 1192 disciplinis,
824 1115 946 1191 pretium
964 1129 1045 1170 suum
1059 1129 1106 1170 re-

103 1196 218 1293 tulisse,
245 1212 345 1256 verum
367 1196 437 1256 ob
429 1199 576 1274 ingenium
597 1206 683 1275 atque
707 1197 865 1257 doctrinam
889 1197 982 1274 gratis
1006 1212 1106 1255 manu-

103 1281 216 1338 missus.

59 1378 95 1432 16
168 1360 363 1436 QCaecrlrus
375 1363 513 1442 Epirota,
533 1364 650 1424 Tusculi
662 1373 761 1440 natus
785 1363 906 1425 libertus
917 1363 1008 1423 Attiou
1025 1365 1106 1442 equi·
1200 1383 1202 1426 ι

103 1449 140 1507 tis
162 1447 300 1524 Romani,
323 1446 359 1507 ad
381 1465 466 1526 quem
487 1457 552 1508 sunt
573 1447 724 1509 Ciceronis
747 1447 907 1527 epistolae,
933 1465 997 1508 cum
1020 1447 1145 1508 filiam1⁵
1187 1517 1189 1521 ¹

104 1534 218 1610 patroni
235 1540 352 1610 nuptam
369 1531 407 1592 ll.
424 1533 576 1612 Agrippae
592 1532 728 1609 doceret,
753 1541 907 1612 suspectus
922 1533 951 1591 in
967 1549 1002 1591 ea
1018 1539 1048 1590 et
1068 1529 1107 1590 ob

103 1615 161 1675 hoc
192 1625 334 1692 remotus,
366 1616 401 1676 ad
427 1615 593 1678 Cornelium
618 1616 729 1678 Gallum
758 1635 790 1676 se
826 1615 947 1676 contulit
977 1617 1108 1692 vixitque

103 1717 158 1759 una
176 1698 415 1777 familiarissime,
438 1700 516 1782 quod
536 1702 593 1780 ipsi
608 1700 691 1762 Gallo
707 1703 782 1760 iuter
802 1701 972 1778 gravissima
990 1701 1109 1758 crimina

102 1783 138 1842 ab
151 1782 284 1860 Augusto
304 1784 447 1845 obiicitur.
483 1785 554 1846 Post
575 1785 677 1846 deinde
698 1784 907 1846 damnationem
926 1792 1108 1862 mortemque

55 1937 60 1942 .
104 1866 177 1927 Galli
190 1866 321 1927 scholam
334 1870 461 1948 aperuit,
474 1869 575 1930 sedita
589 1880 618 1929 ut
634 1871 734 1950 paucis
750 1877 780 1929 et
794 1878 900 1930 tantum
915 1868 1108 1928 adulescenti·
1119 1877 1148 1918 ιο

20 1967 23 1972 ·
104 1951 157 2010 bus
170 1953 372 2030 praeciperet,
388 1961 573 2030 praetextato
589 1955 712 2029 nemini,
727 1954 779 2012 nisi
796 1955 820 2012 si
836 1955 916 2012 euius
928 1953 1040 2031 parenti
1051 1951 1109 2011 hoc

104 2034 232 2093 ollicium
243 2052 352 2112 negare
365 2053 421 2095 non
437 2048 548 2116 posset.
577 2037 686 2098 Primus
698 2037 800 2097 dicitur
811 2036 910 2097 Latine
925 2054 963 2095 ex
974 2043 1110 2114 tempore

104 2117 282 2194 disputasse,
306 2122 471 2199 primusque
485 2121 639 2199 Virgilium
654 2122 685 2182 e't
700 2119 775 2182 alios
795 2129 900 2199 poetas
915 2137 1010 2179 novos
1026 2137 1109 2197 prae·
1201 2193 1202 2204 ζ

104 2200 207 2276 legere
223 2204 376 2280 coepisse,
392 2205 470 2284 quod
485 2207 569 2266 etiam
580 2205 696 2267 Domitii
711 2205 799 2266 blansi
812 2203 976 2265 versiculus
988 2203 1109 2264 indicat:

317 2292 449 2363 Epirote,
466 2295 624 2350 tenellorum-
641 2295 782 2351 nutricula
794 2299 896 2366 vetum
1120 2307 1147 2348 rs

63 2376 95 2430 17
166 2369 204 2431 ll
228 2372 348 2432 Verrius
370 2373 495 2448 Flaccus
525 2374 674 2434 libertinus
698 2372 821 2434 docendi
851 2383 961 2450 genere
987 2374 1110 2434 manime
1201 2391 1202 2394 ¹

105 2455 216 2516 claruit.
250 2447 382 2555 Namque
398 2456 433 2516 ad
450 2459 635 2520 exercitanda
651 2455 848 2519 discentium
840 2459 957 2534 ingenia
972 2456 1111 2534 aequales

84 2543 179 2622 ¹inter
199 2557 232 2598 se
255 2542 433 2601 committere
460 2541 591 2618 solebat
618 2543 770 2622 proposita
793 2558 851 2601 non
878 2541 971 2600 solum
991 2543 1112 2601 materia
1198 2611 1201 2619 ζ

105 2642 187 2701 qnam
204 2623 382 2701 seriberent,
396 2625 448 2685 sed
461 2634 491 2686 et
503 2627 631 2704 praemio
647 2626 736 2726 quod·
738 2627 831 2686 victor
843 2625 981 2685 auferret.
1003 2623 1036 2683 ld
1049 2631 1112 2682 erat

105 2707 179 2766 liber
194 2706 298 2786 aliquis
315 2709 463 2789 antiquus,
480 2710 601 2789 pulcher
617 2720 664 2770 aut
678 2711 781 2770 rarior.
813 2710 909 2784 Quare
925 2707 961 2769 ab
975 2707 1147 2784 Augustoso
1195 2700 1202 2708 ’

105 2808 219 2868 quoque
236 2791 391 2870 nepotibus
407 2795 468 2852 eius
481 2803 658 2872 praeceptor
669 2795 797 2870 electus,
809 2793 941 2853 transiit
932 2811 960 2851 nr
972 2790 1111 2852 Palatium

91 2893 167 2957 cnm
185 2884 244 2936 tota
260 2876 389 2954 schola,
402 2895 501 2936 verum
524 2886 553 2936 ut
576 2897 612 2936 ne
635 2896 720 2955 quem
742 2877 863 2956 amplius
887 2875 1009 2955 posthac
1025 2874 1110 2933 disci-

105 2959 200 3036 pulum
219 2961 380 3038 reciperet:
402 2960 557 3040 docuitque
580 2962 607 3020 in
632 2965 704 3022 atrio
722 2961 870 3022 Catulinae
894 2959 1010 3036 domus,
1036 2975 1111 3037 quae

105 3061 171 3118 pars
188 3043 289 3102 Palatii
306 3052 374 3103 tunc
392 3053 471 3120 erat,
487 3055 516 3104 et
535 3054 656 3106 centena
673 3047 808 3107 sestertia
825 3046 853 3103 in
869 3061 970 3105 annum
986 3043 1110 3122 accepit.

103 3125 239 3186 Decessit
261 3129 363 3187 aetatis
388 3137 510 3188 exactae
531 3128 583 3188 sub
600 3129 728 3191 Tiberio.
767 3129 894 3188 Statuam
915 3126 1003 3188 babet
1021 3126 1145 3196 arsen

105 3219 201 3283 ueste,
223 3211 250 3268 in
272 3213 423 3288 superiore
443 3212 500 3272 lori
516 3222 599 3291 parte
618 3216 695 3274 circa
713 3212 960 3288 hemicyclium,'
952 3227 981 3270 m
996 3227 1054 3288 quo
1070 3211 1110 3269 ia·

106 3305 166 3350 nos
181 3311 196 3352 a
213 3311 245 3352 se
262 3293 409 3354 ordinatos
426 3304 455 3354 et
472 3313 634 3355 marmoreo
653 3299 755 3375 parieti
771 3297 881 3357 incisos
896 3293 1068 3375 publicarat.
1201 3325 1202 3374 p

65 3397 83 3436 ι
67 3373 105 3425 ἰ
167 3376 196 3432 L.
210 3375 388 3452 Crassicius,
400 3395 513 3454 genere
525 3379 707 3457 Tarentinus,
721 3380 828 3440 ordinis
841 3378 984 3455 libertini,
1003 3393 1110 3454 cogno
