2438 3872
94 227 154 289 tet
184 238 212 286 c.
227 238 376 287 sunnonis
392 240 519 301 nunno.
533 241 581 287 nn
596 241 679 288 vrrs
697 239 879 288 canendum
894 240 1024 287 nrn.v1.

91 393 230 472 silvisque
245 395 340 470 varie,
359 411 421 453 eum
444 393 622 454 multitudine
642 394 733 453 omnis
754 394 871 473 generis
893 393 1034 474 pecudum
1056 411 1092 454 ac

90 477 226 537 lerarum.
269 477 302 537 ln
318 479 424 537 ceteris
439 476 570 555 portibus
586 486 689 538 cuncta
705 494 774 537 euro
787 478 849 554 lita,
864 477 996 538 distincta
1009 495 1090 555 gem·

90 561 144 620 mis
161 562 353 640 unionumque
375 560 494 620 conchis
514 570 608 630 erant;
632 564 817 642 cagitationes
836 561 988 640 laqueatae
1008 560 1128 621 tabu·
1115 581 1134 613 ι

90 644 126 704 lis
142 643 278 705 eburneis
293 644 487 721 versatilibus,
503 654 534 704 ut
548 645 648 722 liores,
664 645 813 722 fistulatis,
831 655 861 704 ut
878 653 1023 722 unguenta
1038 645 1088 704 de·

91 747 180 806 super
204 737 425 808 spargerentnr;
454 731 611 808 praecipua
637 729 835 808 oqenationum
856 728 976 788 rotunda
983 746 1115 808 ,quaec

90 821 234 890 perpetuo
248 811 350 873 diebus
363 829 398 872 ac
413 811 548 872 noctibus
564 813 629 872 viee
644 811 739 873 mundi
755 814 1015 890 circumageretur;
1038 811 1088 872 ba·

91 895 185 954 lineae
199 897 315 956 marinis
331 905 360 956 et
380 894 485 956 albulis
506 895 629 956 lluentes
649 896 740 974 aquis.
785 895 855 956 Eius
877 895 954 956 modi
975 894 1089 955 domum

91 997 154 1038 eum
167 978 326 1040 absolutam
340 979 498 1056 dedicaret,
513 979 652 1040 hactenus
669 979 885 1058 comprobavit,
908 988 938 1039 ut
955 997 989 1038 ae
1010 979 1088 1039 dice·

90 1073 136 1122 ret
151 1080 242 1142 qnare
237 1063 405 1124 bominem
420 1064 542 1124 tundent
555 1062 701 1124 babitare
714 1065 864 1142 coepisse.

15 1127 104 1228 pig.
147 1147 305 1208 Praeterea
318 1145 472 1206 inchoabat
486 1148 626 1226 piscinam
649 1165 665 1207 ιι
687 1147 798 1208 bliseno
821 1147 857 1208 ad
877 1147 1025 1208 Avernum
1045 1145 1086 1206 le·
1098 1163 1127 1205 so

90 1249 162 1307 oum,
182 1238 345 1291 contectam
361 1230 577 1309 porticibusque
593 1221 759 1290 concinnem
766 1248 850 1310 ‚quo
866 1229 1003 1310 quidquid
1018 1233 1087 1290 totis

88 1313 154 1373 bais
180 1313 334 1374 calidarum
366 1331 502 1392 aquarum
536 1322 616 1374 esset
649 1324 882 1384 converteretur;
910 1314 1021 1375 lossam
1050 1313 1086 1374 ab

89 1398 207 1457 Averno
223 1395 332 1458 Ostiam
349 1415 451 1475 usque,
467 1406 497 1456 ut
512 1397 633 1457 navibus
647 1415 703 1458 neo
718 1407 814 1458 tamen
827 1401 897 1458 mari
908 1401 1008 1475 iretur,
1023 1396 1085 1457 lon·

88 1479 222 1558 gitudinis
240 1500 293 1560 per
308 1489 421 1542 centnm
437 1483 589 1558 sexaginta
602 1482 690 1560 milia,
708 1480 879 1558 latitudinis,
901 1499 956 1560 qua
973 1490 1085 1542 contra-

87 1567 149 1624 riae
164 1567 386 1644 quinqueremes
400 1574 601 1625 commearent.
646 1566 773 1640 Quorum
794 1583 915 1645 operum
931 1567 1126 1644 periclen-1⁵

56 1649 188 1709 ''dornm
205 1651 299 1726 gratia
314 1649 392 1729 quod
405 1649 510 1728 ubique
533 1658 612 1709 esset
633 1648 780 1710 custodiae
803 1651 831 1710 in
845 1649 956 1709 ltaliam
976 1647 1084 1728 depor-

88 1735 152 1810 tari,
170 1736 255 1793 etiem
272 1734 387 1793 scelere
403 1735 555 1794 convictos
569 1734 681 1793 nonnisi
702 1732 739 1793 ad
762 1751 836 1812 opus
857 1733 982 1792 damnari
1000 1749 1085 1812 prae·

88 1826 218 1896 ceperat.

33 1903 91 1975 ss
151 1900 196 1961 hd
211 1899 286 1961 hunc
297 1902 504 1979 impendiorum
515 1901 654 1980 furorem,
663 1918 753 1979 super
764 1899 896 1960 liduciam
908 1899 1030 1978 imperii,
1042 1907 1084 1958 et·

87 1987 208 2062 iamspe
223 1985 344 2063 quadam
359 1987 510 2063 repentina
522 1986 721 2044 immensarum
734 1993 763 2044 et
775 1983 987 2044 reconditarum
997 2000 1085 2061 opum
1094 1997 1125 2039 ao

88 2067 225 2146 impulsus
253 2076 299 2127 est
328 2085 366 2127 ex
383 2068 487 2129 indicio
509 2070 615 2146 equitis
638 2068 673 2128 li.
693 2085 748 2147 pro
771 2076 921 2146 comperto
941 2064 1083 2146 pollicen-

86 2153 134 2226 tis,
151 2150 304 2211 thesauros
320 2153 532 2229 antiquissimae
546 2170 648 2230 gazae,
662 2169 735 2232 qnos
749 2150 824 2212 Dido
845 2151 947 2228 regina
967 2150 1084 2228 lugiens

85 2235 165 2308 Τιιο
184 2251 282 2294 secum
303 2236 466 2313 extulisset,
486 2253 553 2296 esse
574 2239 602 2295 in
624 2235 725 2296 Africa
746 2234 916 2294 vastissimis
937 2232 1083 2313 specubus

40 2330 77 2384 ΞΩ
90 2317 213 2393 abditos,
230 2336 264 2377 uc
280 2335 368 2400 posse
389 2321 449 2378 erui
466 2319 586 2398 parvula
603 2318 779 2378 molientium
794 2334 894 2397 opera.
924 2319 1033 2379 Verum
1052 2325 1083 2376 ut

79 2419 157 2482 spes
173 2400 287 2478 leiellit,
304 2401 456 2463 destitutus
464 2413 575 2482 ,atque
590 2405 628 2462 ita
645 2403 699 2462 iem
716 2402 871 2463 exhaustus
893 2409 922 2461 et
940 2419 1031 2478 egens
1052 2409 1123 2461 utet

86 2484 227 2572 stipendia
242 2503 357 2565 quoque
372 2486 490 2548 militum
504 2497 534 2547 et
557 2487 707 2547 commoda
729 2495 933 2546 veteranorum
952 2483 1083 2565 protrahi

59 2589 119 2652 ιιι
150 2569 258 2629 differri
287 2588 412 2631 necesse
447 2581 543 2649 esset,
577 2570 725 2631 calumniis
758 2570 925 2649 rapinisque
963 2568 1084 2629 intendit

60 2655 216 2712 animum.

129 2735 223 2796 Ante
239 2741 333 2798 omnia
349 2739 484 2816 institnit,
503 2746 564 2799 ute
587 2737 756 2799 libertorum
778 2737 978 2797 defunctorum
997 2735 1082 2795 bonis

85 2837 138 2898 pro
154 2821 275 2881 semisse
296 2821 416 2908 dextans
438 2824 465 2882 ei
488 2831 653 2900 cogeretur,
676 2824 724 2901 qui
744 2824 806 2881 sine
830 2819 974 2919 probabili
994 2837 1122 2880 causaue
1215 2841 1217 2866 ι

84 2920 120 2963 eo
136 2903 251 2963 nomine
267 2914 375 2981 essent,
394 2923 451 2984 quo
467 2907 589 2966 luissent
603 2906 679 2966 ullae
696 2907 822 2968 familiae
839 2923 911 2982 quas
927 2904 991 2982 ipse
1013 2921 1081 2964 con-

84 2985 225 3064 tingeret;
243 2987 362 3066 deinde,
377 2999 407 3048 nt
423 2992 600 3089 ingratorum
622 2991 649 3049 in
672 2989 832 3068 principem
855 2995 1026 3048 testamenta
1046 2985 1082 3046 ad

83 3071 183 3130 fiscum
199 3071 396 3149 pertinerent,
413 3091 447 3133 ae
472 3091 508 3132 ne
529 3076 644 3154 impune
665 3082 745 3134 esset
765 3071 903 3134 studiosis
922 3089 1007 3148 narrt,
1034 3071 1082 3149 qai

83 3155 271 3232 scripsissent
284 3153 333 3214 vel
349 3154 506 3216 dictassent
523 3175 573 3226 ea;
595 3166 663 3217 tunc
682 3167 713 3217 ut
734 3157 802 3234 lege
826 3157 986 3216 maiestatis
1002 3153 1107 3220 tcum

82 3237 217 3317 dictaque
235 3240 346 3316 omnia,
369 3238 471 3317 quibus
485 3240 571 3300 modo
588 3241 702 3301 delator
717 3257 773 3300 non
791 3239 926 3316 deesset,
946 3248 1080 3304 tencren
1091 3249 1120 3292 ³⁵

80 3329 136 3380 tur
186 3323 351 3384 Revocavit
371 3333 399 3382 et
423 3325 549 3400 praemia
569 3341 757 3400 coronarum,
779 3341 854 3403 quae
874 3331 1011 3406 umquam
1025 3317 1082 3382 sibi

82 3405 242 3465 civitates'
234 3425 261 3466 ιιι
283 3406 486 3467 certaminibus
511 3406 691 3468 detulissent.
735 3407 773 3468 lte
797 3425 860 3468 cum
881 3398 1081 3468 interdixisset

80 3502 162 3544 nsum
179 3490 360 3565 amethystini
380 3507 413 3551 ac
429 3490 508 3564 Tyrii
527 3489 635 3551 coloris
644 3492 922 3570 ,summisissetque
943 3487 992 3568 qul
1011 3505 1082 3553 uun·
