2412 3876
123 220 162 282 68
208 233 237 280 c.
253 233 403 282 suuronr
422 235 712 294 TRANQ.DEV1TA
728 235 913 284 cnusnnon
928 239 998 286 ure.
1014 239 1051 285 11.

121 390 162 446 ris
180 389 339 468 suspitione
356 399 385 448 et
404 390 480 470 quod
495 389 651 451 Marcellus
666 390 721 449 sibi
738 391 943 470 anteferretur,
969 393 1126 468 Mytilenas

122 489 154 530 se
177 469 288 531 relictis
311 473 440 533 omnibus
463 474 650 550 contulisset,
675 473 722 534 bio
746 483 890 534 secretum
916 474 952 535 de
973 489 1126 558 comperta

121 555 258 615 lllurenae
273 559 469 618 coniuratione
485 559 568 617 uxori
583 557 736 618 Terentiae
752 558 936 638 prodidisset.
947 591 1027 613 ν

185 639 293 716 Exegit
309 649 339 700 et
354 642 460 720 ipsein
473 643 567 701 vicem
582 641 618 701 ab
634 643 733 701 amicis
748 642 972 704 benivolentiam
987 654 1125 725 mutuam,

121 731 178 783 tam
197 741 213 783 a
236 722 378 784 defunctis
401 742 485 804 quarn
501 743 516 784 a
533 725 618 784 vivis.
662 725 735 785 Nam
756 728 885 804 quamvis
899 729 1013 788 minime
1032 749 1149 810 appe-o

120 814 197 866 teret
211 806 397 885 hereditates,
413 811 505 889 Ql
516 827 667 888 numquam
679 827 717 868 ex
728 810 820 886 ignoti
830 819 1001 872 testamento
1013 831 1126 892 capere

122 891 272 970 quicquam
288 893 464 968 sustinuerit,
479 895 636 952 amicorum
651 903 746 952 tamen
761 911 894 972 suprema
908 895 1011 955 iudicia
1026 914 1126 958 moro·

121 975 234 1034 sissime
256 977 424 1054 pensitavit,
448 995 542 1056 neque
564 977 665 1036 dolore
688 976 881 1053 dissimulato,
902 979 927 1037 si
942 981 1057 1058 parcius
1075 990 1127 1041 aut

107 1060 193 1119 citra
208 1057 349 1119 bonorem
364 1059 534 1138 verborum,
550 1079 645 1140 neque
660 1060 781 1137 gaudio,
798 1061 823 1120 si
837 1069 921 1136 grate
935 1063 1042 1142 pieque
1056 1066 1126 1143 quis

120 1161 153 1201 se
168 1151 340 1220 prosecutus
358 1143 470 1203 fuisset.
496 1143 605 1220 Legata
623 1144 670 1203 vel
689 1151 787 1223 partes
801 1142 1010 1223 hereditatium,
1028 1165 1044 1206 a
1061 1151 1125 1228 qui·
1139 1165 1163 1205 rc

120 1224 297 1305 buscumque
321 1227 488 1304 parentibus
511 1227 614 1287 relicta
638 1227 710 1306 sibi,
733 1236 780 1287 aut
795 1229 890 1288 statim
905 1228 1006 1289 liberis
1022 1248 1127 1290 eorum

121 1309 302 1385 concedere,
318 1320 377 1392 aut
399 1311 423 1369 si
446 1311 582 1390 pupillari
601 1320 696 1390 aetate
719 1321 832 1389 essent,
854 1312 901 1372 die
922 1313 1012 1372 virilis
1033 1323 1126 1392 togae

120 1392 168 1452 vel
184 1394 344 1472 nuptiarum
361 1411 424 1452 cum
438 1395 616 1455 incremento
631 1395 784 1456 restituere
800 1405 963 1456 consuerat.

78 1485 111 1540 67
184 1476 325 1538 Patronus
347 1477 536 1558 dominusque
560 1495 618 1538 non
638 1477 730 1538 minus
746 1496 866 1539 severus
883 1497 968 1558 quam
981 1481 1078 1542 facilis
1095 1491 1126 1540 et

121 1561 263 1639 clemens,
280 1561 385 1622 multos
401 1561 569 1622 libertorum
586 1563 614 1622 in
631 1563 743 1623 bonore
759 1570 788 1622 et
805 1581 857 1622 usu
871 1563 993 1624 maximo
1011 1562 1122 1641 habuit,
1137 1584 1164 1624 15

51 1661 53 1665 ’
120 1654 150 1704 ut
164 1644 292 1726 Licinum
310 1654 340 1704 et
359 1643 496 1706 Celadum
517 1646 659 1725 aliosque.
696 1643 830 1706 Cosmum
853 1664 984 1727 servum,
1008 1651 1123 1724 gravis·

120 1731 191 1788 sime
208 1728 245 1788 de
263 1748 296 1789 se
318 1731 484 1809 opinantem
505 1746 564 1789 non
585 1730 659 1791 ultra
675 1745 758 1809 quam
773 1730 962 1809 compedibus
980 1734 1122 1791 coercuit.

118 1811 278 1873 Diomeden
300 1812 547 1892 dispensatorem,
569 1831 586 1873 a
608 1831 664 1892 quo
685 1811 768 1873 simul
785 1813 946 1874 ambulante
964 1816 1123 1891 incurrenti

118 1905 240 1985 repente
260 1897 326 1957 lero
342 1913 414 1977 apro
431 1911 485 1976 per
499 1905 604 1956 metum
619 1897 751 1958 obiectus
768 1906 828 1975 est,
850 1897 949 1956 maluit
965 1898 1122 1959 timiditatis

118 1999 243 2058 arguere
258 1999 342 2059 quam
357 1998 462 2058 noxae,
475 1999 594 2059 remque
609 1998 666 2041 non
682 1981 785 2039 minimi
798 1981 929 2060 periculi,
947 1984 1012 2061 quia
1024 1990 1122 2042 tamen
1130 2001 1162 2044 co

117 2065 197 2124 fraus
223 2063 340 2141 aberat,
369 2067 513 2124 inlocum
535 2067 630 2124 vertit.
668 2063 747 2124 Idem
770 2063 870 2124 Polum
892 2082 929 2123 ex
950 2067 1134 2144 acceptissi·.

118 2149 171 2206 mis
204 2141 315 2208 libertis
341 2150 414 2207 mori
443 2146 544 2224 coegit
569 2157 746 2228 compertum
769 2147 933 2208 adulterare
958 2157 1120 2216 matronas:

59 2242 61 2246 “
118 2230 221 2291 'l'hallo
236 2249 252 2289 a
266 2249 366 2308 manu,
393 2231 471 2310 quod
488 2247 542 2310 pro
559 2232 683 2310 epistola
699 2231 812 2310 prodita
829 2229 964 2291 denarios
980 2233 1120 2310 quingen·

14 2349 17 2355 ·
117 2322 164 2374 tos
183 2307 358 2393 accepisset,
380 2333 464 2374 crura
480 2315 507 2373 ei
520 2314 624 2392 fregit;
644 2313 847 2395 paedagogum
862 2316 1066 2394 ministrosque
1087 2315 1119 2376 C.

119 2397 170 2474 lili,
187 2415 241 2476 per
254 2400 442 2458 occasionem
455 2397 617 2458 valitudinis
631 2400 789 2478 mortisque
807 2400 869 2458 eius
879 2397 1004 2476 superbe
1018 2417 1119 2458 avare·
1130 2414 1160 2458 2⁵

118 2500 174 2561 que
196 2485 225 2540 in
242 2483 393 2562 provincia
409 2487 574 2560 grassatos,
598 2490 735 2543 oneratos
750 2483 834 2559 gravi
850 2480 980 2560 pondere
998 2484 1119 2542 cervici·

38 2611 44 2646 ;
117 2565 171 2625 bus
188 2567 392 2645 praecipitavit
408 2567 436 2624 in
450 2565 564 2626 flumen.
1018 2572 1022 2578 '

43 2647 50 2655 “
75 2664 109 2718 6ss
179 2649 272 2710 Prima
283 2650 399 2710 iuventa
409 2651 553 2710 vanorum
564 2648 738 2709 dedecorum
750 2649 892 2708 infamiam
904 2647 998 2709 subiit.
1012 2649 1119 2710 Sextus

116 2731 271 2810 Pompeius
287 2741 318 2791 ut
332 2733 522 2795 effeminatum
537 2734 694 2793 insectatus
707 2741 765 2799 est:
782 2732 821 2793 Μ.
830 2731 974 2792 Antonius
987 2731 1119 2812 adoptio-

116 2833 182 2874 nem
198 2817 331 2875 aruneuli
347 2825 448 2896 stupro
464 2819 608 2885 meritum;
632 2817 699 2876 item
712 2815 743 2876 L.
758 2817 849 2878 Marci
861 2816 953 2875 irater
969 2819 1051 2894 quasi
1067 2835 1118 2895 pu·
1130 2840 1160 2881 30

117 2899 258 2975 dicitiam,
278 2897 430 2959 delibatam
445 2918 461 2960 a
478 2899 616 2976 Caesare,
634 2899 711 2960 Aulo
728 2901 813 2959 etiam
828 2899 920 2959 Hirtio
939 2901 967 2957 in
980 2898 1119 2978 llispania

116 2982 254 3041 trecentis
273 2981 389 3042 milibus
409 3001 550 3044 nummum
571 2984 775 3059 substraverit,
796 2982 957 3060 solitusque
980 2985 1018 3042 sit
1036 3002 1120 3044 crura

116 3064 256 3125 suburere
276 3085 350 3126 nuce
373 3066 499 3144 ardenti,
523 3086 588 3147 quo¹
600 3067 716 3127 mollior
731 3067 806 3145 pilus
822 3073 965 3142 surgeret.
992 3060 1069 3126 'Sed
1091 3076 1121 3127 et

116 3147 241 3228 populus
262 3148 404 3228 quondam
428 3152 580 3210 universus
601 3150 732 3210 ludorum
753 3149 800 3209 die
823 3159 853 3209 et
870 3149 986 3227 accepit
1003 3151 1031 3208 in
1049 3167 1119 3210 con·

116 3232 260 3292 tumeliam
287 3234 349 3292 eius
377 3241 407 3292 et
435 3234 558 3294 adsensu
583 3235 706 3295 maximo
733 3233 925 3311 conprobavit
948 3249 1065 3293 versum
1090 3237 1160 3292 inea

117 3331 223 3376 scaena
250 3317 462 3396 pronuntiatum
488 3315 525 3376 de
553 3316 631 3394 gallo
654 3316 752 3376 Matris
782 3314 865 3376 deum
889 3318 1119 3394 tympanizante:

75 3388 264 3490 dolfidedap',
294 3405 329 3461 ut
350 3399 499 3460 cinaedm
522 3398 627 3462 orbem
646 3399 741 3479 digito
769 3401 941 3478 temperat?
968 3398 1119 3462 Adulteria

118 3481 232 3559 quidem
247 3486 416 3544 exercuisse
431 3502 468 3544 ne
482 3484 566 3544 amici
582 3483 696 3563 quidem
712 3493 836 3562 negant,
860 3492 1034 3572 excusantes
1047 3501 1119 3545 sane
