2444 3872
140 224 197 284 t60
244 235 273 282 c.
287 234 436 283 sunnonr
452 235 578 294 nunno.
595 235 642 280 ns
657 235 739 281 vrun
755 233 1071 286 caesaredunum

136 391 247 450 sionem
264 407 383 464 verens,
411 398 440 447 et
456 388 583 467 Appium
599 387 724 449 Caecum
748 405 917 464 censorem,
944 390 1064 466 generis
1092 389 1136 449 sui

137 481 356 553 productorem,
369 470 565 532 libertinorum
586 473 661 532 lilios
677 475 845 532 incenatum
860 472 1011 550 adlegisse
1024 471 1134 548 docuit,

138 560 270 634 ignarus,
285 554 463 634 temporibus
478 554 557 636 Appi
569 566 597 617 et
608 557 746 634 deinceps
759 555 921 634 aliquandiu
935 554 1135 616 libertinos

138 641 232 700 dictos
256 656 314 699 non
337 643 437 718 ipsos,
460 642 507 718 qui
528 658 611 702 manu
631 642 841 716 emitterentur,
865 639 916 699 sed
937 641 1083 716 ingenuos
1098 659 1138 700 ex

138 723 184 784 his
198 731 378 804 procreatos.
395 722 530 800 collegio
546 733 730 802 quaestorum
746 740 799 801 pro
812 731 934 782 stratura
949 723 1058 783 viarum
1073 724 1135 800 gla·
1150 744 1163 784 u

140 808 288 869 diatorium
304 825 404 867 munus
420 808 539 866 iniunxit
553 807 740 885 detractaque
756 805 881 866 Ostiensi
897 814 927 866 et
941 805 1052 866 Gallica
1069 824 1136 885 pro·

139 894 252 968 vincia,
276 909 371 951 curam
386 893 479 958 aerari
497 891 610 950 Saturni
626 889 762 970 reddidit,
789 908 872 969 quam
887 889 982 949 medio
1001 900 1137 969 tempore

53 985 294 1106 ngraetores
309 984 372 1050 aut,
389 977 427 1034 uti
444 992 534 1052 nunc,
552 983 684 1054 praetura
699 974 788 1033 iuncti
804 975 1006 1034 sustinuerant.
1220 1035 1221 1042 ἶ

201 1058 395 1137 Triumphalia
409 1066 574 1118 ornamenta
592 1058 705 1133 Silano,
722 1057 798 1116 hliae
819 1075 888 1118 suae
905 1073 1035 1136 sponso,
1064 1074 1137 1117 non-

140 1143 204 1203 dum
227 1141 329 1222 puberi
350 1141 441 1217 dedit,
465 1141 621 1201 maioribus
641 1158 713 1200 vero
736 1150 803 1200 natu
824 1149 881 1200 tam
899 1140 994 1200 multis
1019 1150 1175 1220 tamquero

140 1227 243 1300 iucile,
261 1233 291 1283 ut
307 1223 429 1303 epistula
445 1227 586 1284 cunimuni
602 1225 748 1300 legionum
763 1227 876 1283 nomine
892 1225 1019 1284 extiterit
1034 1234 1136 1304 peten-

140 1310 223 1384 tium,
238 1316 268 1366 ut
285 1307 389 1383 legatis
405 1307 602 1366 consularibus
618 1307 700 1368 simul
717 1327 780 1368 cum
797 1309 929 1368 exercitu
940 1317 969 1368 et
979 1308 1137 1387 triumpha·

140 1393 177 1452 lia
194 1390 341 1467 darentur,
357 1408 392 1449 ne
407 1408 521 1450 causam
536 1390 605 1451 belli
622 1391 841 1470 quoquomodo
858 1401 1040 1470 quaererent.
1058 1391 1137 1452 Aulo

140 1475 251 1538 Plautio
272 1476 356 1534 etiam
370 1476 533 1534 ovationem
551 1475 681 1536 decrevit
699 1477 891 1554 ingressoque
907 1475 1007 1536 urbem
1020 1475 1138 1536 obviam

142 1577 333 1640 progressus,
355 1567 384 1618 et
403 1561 430 1617 in
447 1555 618 1636 Capitolium
635 1561 711 1618 eunti
731 1567 760 1618 et
774 1559 841 1618 inde
862 1578 961 1619 rursus
976 1559 1139 1619 revertenti
1150 1577 1177 1618 rs

140 1645 214 1704 latus
232 1644 313 1702 texit.
349 1640 466 1703 Gabinio
483 1642 633 1719 Secunde,
659 1641 782 1702 Cauchis
797 1653 885 1720 gente
903 1642 1073 1704 Germanica
1090 1661 1138 1702 su·

142 1728 267 1807 peratis,
284 1743 446 1803 cognomen
462 1723 604 1787 Cauchius
620 1744 759 1805 usurpare
777 1729 932 1788 concessit.

97 1829 148 1884 25¹
201 1809 352 1890 Equestris
369 1809 482 1870 militias
498 1811 537 1870 ita
560 1810 718 1886 ordinavit,
742 1819 772 1869 ut
788 1820 856 1889 post
879 1810 1030 1871 cohortem
1052 1811 1137 1888 alain,

143 1904 210 1974 post
231 1894 304 1953 alam
328 1892 499 1953 tribunatum
521 1894 646 1970 legionis
666 1893 763 1962 daret;
793 1895 992 1974 stipendiaque
1014 1895 1139 1964 institnit

132 1988 171 2038 'et
185 1978 368 2054 imaginariae
382 1977 499 2037 militiae
513 1994 620 2053 genus,
643 1977 720 2054 quod
741 1987 861 2038 vocatur
882 1996 991 2056 supra
1014 1995 1177 2038 nume-ao

142 2080 228 2138 rum,
247 2076 304 2137 quo
320 2059 456 2119 absentes
465 2070 493 2120 et
505 2060 587 2119 titulo
599 2070 682 2120 tenus
696 2061 894 2137 iungerentur.
909 2061 1016 2132 blilites
1032 2060 1138 2122 domos

142 2145 301 2204 senatorias
312 2142 449 2203 salutandi
462 2161 548 2204 causa
561 2143 674 2221 ingredi
686 2145 769 2204 etiarn
781 2153 892 2223 patrum
904 2145 1024 2206 decreto
1037 2145 1138 2223 prohi-

142 2227 211 2287 buit.
232 2225 408 2302 Libertinos,
427 2229 473 2304 qui
486 2245 517 2286 se
529 2243 584 2306 pro
603 2226 745 2306 equitibus
754 2229 790 2289 li.
808 2237 946 2307 agerent,
967 2228 1138 2328 publicavitg

44 2321 60 2394 p·
68 2350 103 2388 4,
127 2292 275 2418 ,ingratos
292 2317 321 2367 et
337 2307 373 2368 de
388 2311 619 2388 quibuspatroni
631 2322 820 2390 quererentur
833 2315 985 2374 revocavit
1000 2315 1029 2372 in
1044 2330 1138 2373 servr-

37 2395 58 2426 ””
74 2393 78 2408 “
140 2403 229 2456 tutem
244 2391 449 2472 advocatisque
464 2410 564 2453 eorum
576 2397 708 2473 negavit,
724 2414 757 2456 se
771 2395 1040 2457 adversuslibertos
1055 2397 1137 2474 ipso·
1147 2419 1175 2459 25

140 2497 202 2539 rum
217 2479 261 2537 ius
277 2475 426 2537 dicturum.
454 2476 524 2537 Cum
542 2478 655 2557 quidam
670 2497 758 2556 aegra
776 2488 804 2541 et
820 2479 933 2542 adiecta
949 2481 1092 2558 mancipia
1108 2482 1138 2540 in

113 2601 114 2607 κ
141 2561 261 2622 insulam
281 2560 450 2641 Aesculapii
472 2562 570 2622 taedio
591 2563 724 2622 medendi
747 2573 944 2643 exponerent,
969 2564 1137 2642 omnesqui

142 2653 357 2724 exponerentur
375 2646 486 2708 liberos
516 2663 583 2706 esse
607 2647 718 2724 sanxit,
747 2665 803 2707 nec
823 2647 920 2708 redire
941 2649 970 2706 in
992 2647 1138 2708 dicionem

141 2728 263 2803 domini,
282 2728 305 2787 si
321 2730 549 2800 convaluissent3
583 2729 701 2809 quodsi
722 2733 787 2808 quis
804 2749 912 2792 necare
933 2749 1017 2810 quem
1036 2729 1138 2790 mallet

142 2829 224 2890 quam
239 2828 405 2912 exponere,
423 2812 521 2874 caedis
537 2813 653 2873 crImine
667 2817 769 2874 teneri.
791 2815 928 2876 Viatores
948 2833 985 2876 ne
1007 2833 1060 2894 per
1078 2811 1136 2877 lta·
1148 2832 1174 2874 ao

141 2895 198 2955 liae
214 2894 322 2974 oppida
344 2897 399 2956 nisi
420 2905 468 2958 aut
483 2897 604 2976 pedibus
625 2906 672 2958 aut
694 2897 767 2960 sella
787 2909 834 2960 aut
849 2899 954 2960 lectica
969 2900 1136 2977 transirent,

141 2978 248 3037 monuit
264 2978 368 3039 edicto
387 2979 515 3041 Puteolis
529 2990 557 3041 et
572 2980 670 3042 Ostiae
687 2982 814 3061 singulas
831 2983 968 3044 cohortes
983 2983 1019 3088 ad
1034 3000 1138 3044 arcen-

142 3061 195 3122 dos
209 3061 404 3123 incendiorum
419 3082 504 3125 cusns
520 3065 687 3126 collocarit.

203 3145 381 3224 Peregrinae
399 3147 569 3209 conditionis
586 3149 717 3210 homines
739 3151 827 3210 vetuit
846 3168 986 3228 usurpare
1004 3151 1138 3211 Romana

141 3230 255 3291 nomina
267 3230 332 3290 dum
343 3232 585 3310 taxatgeutilicia.
599 3231 793 3293 Civitatemlt
806 3242 979 3312 usurpantes
990 3234 1019 3292 in
1032 3251 1173 3313 campoas

141 3311 292 3410 ῌεᾳιιίἰίηο
309 3317 404 3374 securi
424 3317 579 3394 percussit.
606 3316 776 3376 Provincias
796 3317 935 3380 Achaiam
956 3326 985 3376 et
998 3316 1136 3378 biacedo·

141 3397 232 3470 niam,
253 3415 332 3476 quas
352 3396 485 3458 'liberius
510 3397 546 3458 ad
575 3416 671 3459 curam
695 3417 775 3460 suam
796 3402 996 3477 transtulerat,
1023 3401 1138 3464 senatui

141 3441 273 3538 reddidit.
304 3480 400 3557 Lyciis
418 3480 455 3542 ob
472 3479 634 3541 exitiabiles
651 3483 725 3542 inter
740 3501 772 3543 se
790 3483 950 3547 discordias
969 3483 1137 3547 libertatem
