2408 3870
266 229 355 277 ΧΝΊΠ
608 227 812 276 PRAEFATIO.

268 387 353 444 nione
369 388 402 443 ab
420 387 500 443 initio
515 387 674 442 mutilatum.
720 389 751 442 ld
766 389 916 459 exemplar,
935 396 1124 444 conservatum
1139 397 1169 445 ut

269 486 325 542 ogo
349 471 477 527 existimo
498 471 532 525 in
552 470 703 526 Francia
728 472 926 541 imperante
953 470 1081 526 carolo
1102 474 1167 528 lla-

269 570 356 624 gno,
374 570 428 624 quo
453 553 581 625 principe
609 560 733 609 veterum
754 555 906 608 litterarum
932 571 1032 610 novum
1052 558 1168 611 studium

269 637 392 707 exarsit,
415 637 605 708 multiplicatis
622 637 757 708 exemplis
774 637 896 694 describi
912 643 1054 710 coeptum,
1076 655 1169 694 eornm

269 737 340 791 quae
369 721 402 776 ad
432 737 483 776 nos
504 728 691 792 pervenerunt
720 720 838 776 omnium
864 721 1015 776 eommunis
1034 722 1114 792 origo
1141 730 1166 778 et

269 804 349 874 quasi
370 821 471 876 parens
491 805 592 860 lactum
607 810 658 859 est.
703 805 798 874 ltaque
823 805 938 860 saeculo
954 799 1060 878 nono⁸)
1081 807 1167 877 prima

267 894 333 959 post
348 883 540 958 migrationem
555 887 677 957 gentium
697 887 874 958 reperiuntur
888 887 1008 958 vestigia
1025 889 1118 960 operis
1134 889 1168 944 de

267 971 324 1026 vita
340 970 489 1027 Caesarum
504 971 570 1026 loeti
587 975 616 1025 et
631 970 659 1024 in
676 970 753 1026 usum
768 971 907 1025 conversi.
939 971 973 1025 Et
990 971 1104 1027 circiter
1120 989 1168 1027 an·
1190 963 1193 968 ’

249 1070 330 1108 num
349 1055 457 1124 quidem
471 1061 523 1113 830
536 1054 736 1108 Einhardus
754 1055 780 1108 in
797 1070 911 1110 recessu
929 1054 1167 1124 seligenstadensi

267 1136 295 1191 in
311 1139 382 1192 saltu
399 1136 551 1198 Odenwald
570 1136 653 1190 vitam
670 1137 762 1192 Caroli
777 1137 869 1207 llagni
891 1138 1075 1209 conseripsit,
1098 1139 1167 1194 Sue-

267 1220 337 1276 tonii
360 1220 526 1275 Caesaribus
556 1227 583 1274 et
613 1221 765 1290 praecipue
794 1221 856 1275 Divi
880 1220 1000 1290 Augusti
1031 1223 1086 1277 vita
1116 1229 1169 1278 tam

267 1311 381 1359 strenue
396 1319 480 1372 usus,
504 1309 534 1357 ut
555 1319 607 1358 non
624 1305 704 1358 modo
721 1319 827 1358 omnem
842 1303 932 1359 libelli
953 1304 1169 1376 descriptionem

268 1388 318 1443 sed
334 1387 417 1442 etiam
432 1386 557 1457 integras
573 1389 646 1442 baud
663 1403 727 1442 raro
745 1387 897 1442 sententias
913 1387 978 1442 inde
994 1388 1167 1459 repetiverit,

268 1477 295 1524 et
317 1486 534 1540 nonnumquam,
555 1476 585 1524 ut
604 1471 656 1525 iam
672 1470 851 1525 Caseubonus
874 1470 1022 1540 iudicavit,
1045 1471 1167 1527 imitandi

267 1555 359 1609 studio
386 1570 454 1609 suae
483 1553 619 1608 historiae
647 1554 792 1608 veritatem
818 1559 1013 1624 transgressus
1041 1571 1104 1610 esse
1128 1554 1168 1610 vi-

267 1638 374 1693 deatur.
424 1635 528 1692 Eodem
555 1637 668 1692 saeculo
693 1637 768 1690 Vllll
799 1637 890 1692 medio
920 1635 1053 1693 Servatus
1081 1639 1168 1709 Lupus

267 1719 349 1791 epist.
371 1727 403 1780 91
430 1737 456 1792 p·
480 1725 531 1779 137
557 1721 600 1774 ed.
624 1721 716 1774 baluz.
742 1720 903 1775 Suetonium
921 1720 1110 1791 Tranquillum
1135 1721 1168 1776 do

265 1804 322 1859 vita
340 1803 504 1872 Caesarum,
526 1804 571 1874 qui
592 1804 665 1873 apud
679 1802 831 1858 Fuldenses
851 1803 878 1858 in
895 1803 964 1859 duos
982 1819 1034 1880 neo
1055 1819 1168 1874 magnos

266 1887 380 1943 codices
399 1887 505 1942 divisus
523 1892 657 1954 exstaret,
673 1887 726 1940 sibi
743 1885 812 1940 mitti
828 1885 921 1954 iussiu
935 1887 1064 1956 quoniam
1075 1888 1104 1941 in
1122 1903 1169 1941 sua
1198 1907 1199 1910 ¹

265 1970 409 2026 vicinitate
431 1967 499 2044 (luit
524 1976 613 2024 autem
636 1970 722 2024 abbas
744 1968 889 2028 Ferrariae
911 1969 940 2023 io
958 1969 1084 2025 dioecesi
1107 1969 1170 2026 Gal-

266 2053 322 2108 liae
339 2051 509 2126 senonensi)
526 2054 628 2108 nullum
643 2052 815 2108 inveniretur
831 2051 994 2123 exemplum.
1026 2053 1171 2108 Postremo

267 2143 395 2206 superest
410 2137 494 2192 hodie
510 2151 619 2206 quoque
637 2135 812 2191 Memmiaous
827 2135 918 2191 codex
933 2136 1051 2192 omnium
1066 2137 1114 2208 qui
1129 2137 1170 2190 in·
1197 2159 1199 2200 ι

266 2219 342 2274 venti
358 2225 421 2273 sunt
442 2226 469 2273 et
483 2219 689 2290 antiquissimus
705 2224 733 2272 et
749 2219 883 2290 optimus,
906 2220 952 2288 qui
968 2236 1039 2274 nunc
1055 2220 1172 2274 Parisiis
1197 2203 1199 2224 ¹

267 2307 430 2356 asservatur
453 2318 566 2356 numero
590 2308 657 2360 olto
680 2302 843 2370 distinctus,
875 2302 925 2357 sed
948 2303 1012 2358 olim
1033 2303 1060 2356 in
1082 2303 1171 2358 Turo-

267 2386 347 2440 nensi
364 2386 390 2440 S.
404 2385 512 2440 llartini
533 2387 670 2442 coenobio
685 2385 796 2440 Alcuini
813 2384 939 2441 doctrina
955 2386 1103 2442 nobilitato
1122 2403 1171 2441 ex·-

266 2469 374 2538 stabat‚
392 2470 506 2524 saeculo
522 2469 596 2522 Vllll
612 2474 730 2523 exeunte
746 2467 876 2540 scriptus.

325 2551 531 2622 insequentium
551 2552 717 2622 scriptorum
738 2551 815 2622 digni
841 2557 904 2606 sunt
924 2551 969 2622 qui
990 2559 1107 2623 propter
1130 2554 1171 2608 l·
1197 2615 1198 2620 η

266 2636 452 2691 miliaritatem
480 2635 606 2690 Suetonii
631 2635 805 2690 nominentur
832 2635 950 2690 loannes
971 2635 1172 2691 Saresberien-

266 2719 306 2774 sis
336 2718 364 2772 in
393 2718 560 2776 Polieratieo
582 2718 610 2772 S.
634 2717 701 2786 XII,
727 2717 890 2774 Vincentius
910 2718 1122 2775 bellovacensis
1145 2721 1173 2775 in
1197 2737 1198 2742 ¹

262 2830 466 2844 —nn—m-

263 2889 289 2930 et
304 2896 330 2946 p.
352 2880 410 2943 105,
429 2883 462 2931 24
481 2883 524 2932 ubi
542 2883 568 2931 in
586 2881 736 2930 Memmiano
750 2881 813 2931 libro
828 2883 864 2932 sio
882 2881 1014 2930 scribitur:

501 2966 619 3002 aereorum
633 2957 776 3002 secutorum
794 2951 849 3000 ino-

501 3021 581 3084 Ppa'o
597 3027 644 3067 ete.

262 3088 317 3138 Illic
335 3088 460 3154 integrum
479 3086 642 3149 vocabulum,
659 3084 701 3135 hio
718 3100 794 3135 unam
814 3086 923 3136 litteram
938 3085 1020 3150 primo
1036 3085 1092 3135 loeo
1113 3101 1170 3134 vera

261 3156 335 3206 siculi
353 3165 446 3207 motam
463 3156 578 3206 arbitror.

263 3221 268 3233 '
331 3223 361 3286 6)
375 3225 485 3274 Maxime
502 3223 612 3274 notabile
630 3231 669 3274 est
685 3223 790 3273 Paulum
804 3220 942 3273 Diaconum
960 3221 1072 3273 Suetonii
1092 3222 1172 3288 plone

262 3294 380 3360 ignarum
395 3293 489 3350 videri;
508 3290 584 3355 (Hist.
604 3291 675 3342 mise
693 3293 727 3352 6,
746 3291 788 3342 16.
810 3293 840 3352 7,
864 3290 906 3344 20.
931 3293 961 3352 9,
984 3292 1000 3340 2
1024 3305 1057 3340 ex
1079 3288 1172 3340 Oresio

262 3359 401 3423 descripta)
419 3373 501 3422 neque
521 3360 586 3408 enim
604 3359 690 3411 dubito
710 3361 769 3424 quin
784 3361 806 3410 si
825 3359 892 3409 hunc
911 3360 1039 3420 novisset,
1065 3359 1093 3408 in
1110 3373 1171 3407 con-

262 3428 413 3478 eoroinanda
435 3442 481 3476 suo
498 3442 564 3479 anuo
586 3429 682 3479 circiter
702 3428 752 3480 780
769 3428 880 3479 Historia
898 3427 1010 3478 Miscella
1026 3427 1171 3476 uberrimos

260 3495 321 3544 binc
338 3495 435 3546 fruetus
456 3495 631 3562 decerpsisset.

240 2922 262 2955 ss
