2438 3872
439 168 487 215 ne
505 167 755 218 oasnnsarcrs.
1040 157 1103 218 265
1201 151 1203 242 ἦ

2 331 20 374 Ἃ
87 324 173 386 niue
193 323 341 401 Pasicles,
366 341 435 384 mox
454 288 577 384 Pansam
600 342 633 384 se
656 326 900 386 transnominavit.
941 326 996 387 llic
1021 329 1102 389 initio

109 410 176 470 circa
188 425 306 468 scenam
318 417 451 468 versatus
463 417 524 484 est,
540 407 604 467 dum
621 409 839 487 mimograpbos
854 409 981 480 adiuvst;
1000 410 1103 472 deinde
1205 461 1206 488 ,

108 493 262 571 inpergula
286 492 398 570 docuit,
427 491 522 553 donec
544 493 748 552 commentario
768 493 909 570 Zmyrnae
931 493 1009 555 edito
1030 495 1104 556 adeo
1205 571 1207 594 ἐ

1 605 4 611 v
108 577 246 654 inclaruit,
264 585 294 636 ut
309 575 384 636 bace
398 576 434 637 de
452 591 489 636 eo
505 575 715 636 scriberentur:

2 668 3 693 ³
87 675 99 715 s
257 665 309 722 Uni
322 665 458 722 Crassicio
472 665 628 720 recredere
642 663 765 736 Zmyrna
774 666 917 738 probavit.-

2 751 3 755 ’
313 749 434 804 Desinite
448 749 551 804 indocti
570 750 692 820 contupio
705 747 779 805 borco
788 757 899 822 peteret

252 831 311 886 Soli
321 833 458 890 Crassicio
472 846 503 887 se
516 831 588 888 dixit
600 831 704 888 nabere
718 835 795 904 aelle,

309 916 412 971 Intimo
429 917 476 974 cui
486 917 539 971 soli
550 921 615 972 noto
629 931 682 972 suo
696 921 844 973 extiterint.
909 941 911 946 ·

107 994 160 1054 Sed
174 1011 238 1054 cum
252 994 393 1055 edoceret
408 997 463 1056 iam
484 995 590 1054 multos
604 1012 639 1054 se
654 995 779 1073 nobiles,
799 990 828 1055 in
843 997 879 1054 iis
896 995 998 1056 lulium
1015 995 1104 1057 Anto·

2 1103 3 1127 1
73 1081 190 1155 renium,
207 1079 345 1139 triumviri
362 1079 465 1155 lilium,
488 1087 517 1137 ut
532 1079 637 1138 Verrio
654 1095 771 1158 quoque
786 1080 896 1141 Flacco
919 1097 1103 1158 comparare·

104 1171 160 1240 tur,
174 1161 291 1222 dimissa
305 1174 429 1242 repente
452 1162 568 1240 schola,
591 1165 704 1223 transiit
724 1164 760 1223 ad
778 1164 814 1239 Q.
836 1165 918 1224 Sexti
938 1163 1105 1244 philosophi

104 1255 217 1308 sectam

163 1329 332 1390 Scribonius
349 1330 558 1409 Aphrodisius,
582 1329 683 1392 Orbilii
704 1350 808 1392 servus
829 1341 914 1410 atque
936 1330 1105 1410 discipulus,
1117 1341 1151 1396 19

103 1431 168 1476 mox
183 1432 199 1476 a
212 1413 365 1474 Scribonia
379 1414 496 1475 bibonis
510 1413 580 1492 lilia,
598 1432 672 1492 quae
688 1419 767 1495 prior
781 1416 904 1492 Augusti
917 1433 990 1476 uxor
1004 1416 1107 1492 luerat,

69 1499 274 1577 irredemptos
281 1506 310 1557 et
323 1500 530 1575 manumissus,
549 1499 646 1558 docuit
662 1517 718 1578 quo
731 1500 851 1560 Verrius
863 1507 1011 1597 ternpore,
1027 1501 1106 1558 euius
1215 1537 1217 1572 ,

103 1586 185 1643 etiam
196 1582 278 1642 libris
294 1581 334 1641 de
350 1583 436 1643 ortb
447 1582 629 1682 ograplria
645 1584 813 1663 rescripsit,
832 1601 889 1643 non
904 1584 966 1643 sine
982 1585 1106 1642 insecta·

102 1669 178 1727 tione
195 1665 352 1725 studiorum
366 1685 535 1745 morumque
551 1668 623 1725 eius.

165 1747 198 1810 (l.
222 1749 311 1810 lulius
330 1750 477 1828 Hyginus,
506 1749 631 1828 Augusti
653 1750 791 1827 libertus,
817 1752 933 1811 natione
950 1751 1152 1830 Hispanusat)
1216 1799 1217 1804 ,

102 1832 248 1916 (nonnulli
262 1832 489 1894 Alexandrinum
507 1842 606 1913 putant
628 1844 656 1893 et
671 1853 686 1893 a
704 1832 831 1894 Caesare
852 1853 972 1913 puerum
986 1835 1107 1896 Romam

63 1935 90 1977 ao
102 1917 253 1978 adductum
268 1916 447 1979 Alexandria
463 1917 562 1998 capta)
579 1917 708 1978 studiose
732 1928 760 1977 et
778 1918 866 1978 audiit
879 1927 908 1978 et
922 1919 1046 1979 imitatus
1063 1926 1108 1976 est
1174 1947 1176 1954 >

100 2001 268 2062 Cornelium
280 2001 477 2062 Alexandrum
489 2005 705 2080 grammaticum
718 2002 873 2079 Graecum,
890 2020 974 2081 quem
987 2011 1108 2080 propter

2 2139 10 2162 2,
97 2087 275 2164 antiquitatis
288 2088 416 2146 notitiam
429 2087 641 2161 Polybistorem
653 2086 748 2162 multi,
762 2086 875 2164 quidam
887 2087 1041 2147 Historiam
1056 2103 1107 2144 vo·

98 2169 214 2230 cabant.
255 2169 381 2229 Praeiuit
396 2169 542 2231 Palatinae
563 2169 774 2246 bibliothecae,
795 2189 850 2230 nec
872 2187 908 2230 eo
928 2172 1024 2230 secius
1046 2168 1107 2247 plu·

2 2257 3 2302 t
97 2255 189 2314 simos
205 2252 315 2322 docuit;
332 2254 443 2332 luitque
458 2253 693 2313 familiarissimus
710 2251 813 2314 Ouidio
830 2264 937 2332 poetae
959 2263 988 2314 et
1004 2251 1107 2312 Clodio

59 2339 201 2398 aoLicino
217 2337 379 2414 consulari,
404 2339 543 2398 historico
549 2340 622 2417 ,qui
636 2355 700 2397 eum
717 2337 866 2398 admodum
884 2355 1042 2416 pauperem
1059 2337 1107 2395 de·

100 2421 232 2482 cessisse
248 2421 334 2482 tradit
349 2432 378 2482 et
394 2421 567 2481 liberalitate
581 2441 648 2498 sua,
668 2421 762 2520 quoad
775 2423 894 2498 vixerit,
910 2430 1106 2481 sustentatum

95 2506 192 2567 lluius
209 2505 330 2565 libertus
344 2505 396 2568 luit
417 2504 505 2580 lulius
521 2505 715 2582 Modestus,'
708 2524 735 2564 in
755 2505 855 2564 studiis
876 2515 962 2584 atque
975 2499 1107 2564 doctrina

35 2589 45 2604 ⁴
96 2590 227 2667 vestigia
245 2592 359 2668 patroni
375 2599 501 2650 secutus

2 2741 3 2746 γ
167 2671 200 2741 G
215 2673 365 2750 Melissus,
384 2674 497 2753 Spoleti
518 2684 600 2735 natus
621 2677 781 2750 ingennus,
804 2672 856 2733 sed
878 2672 914 2732 ob
934 2673 1148 2733 discordiamtl

1 2779 83 2827 eo
96 2766 254 2838 parentum
271 2761 440 2850 expositus,
466 2777 534 2818 cura
556 2767 585 2818 et
601 2756 739 2816 industria
760 2756 924 2817 educatoris
946 2776 989 2817 sur
982 2758 1108 2816 'altiora

93 2840 193 2902 studia
211 2839 360 2921 percepit,
385 2829 419 2902 a'o
437 2842 599 2903 Maecenati
618 2858 671 2920 pro
686 2842 873 2918 grammatico
894 2843 1004 2901 moneri
1025 2841 1107 2901 daturo

93 2935 156 2985 est.
187 2923 240 2985 cui
257 2941 321 2985 curn
337 2944 369 2986 se
384 2935 496 3004 gratnm
512 2935 540 2986 et
556 2927 731 3003 acceptum'
723 2944 750 2984 ιιι
763 2925 876 2985 modum
888 2926 969 2986 amici
963 2924 1106 2999 'videret

2 3034 3 3044 ι
93 3027 265 3088 quanquam
286 3019 437 3070 asserente
461 3019 567 3086 matre,
592 3011 748 3088 permansit
764 3019 856 3070 tamen
874 3011 902 3068 in
922 3018 995 3068 statu
1016 3006 1106 3068 servi·

90 3095 169 3154 tutis
198 3103 439 3172 praesentemque
462 3093 662 3154 condicionem
680 3111 769 3153 verae
795 3095 899 3171 origini
925 3093 1104 3172 anteposuit;

2 3199 3 3247 3
51 3193 192 3256 sequare
210 3179 268 3238 cito
287 3179 489 3254 uranumissus,
511 3176 645 3254 Augusto
667 3180 751 3237 etiarn
771 3177 928 3238 insinuatus
949 3185 1003 3236 est.
1041 3176 1106 3250 Quo

91 3261 273 3338 delegante,
301 3280 397 3323 euram
418 3261 636 3321 ordinandarum
658 3259 897 3321 bibliothecarum
917 3262 945 3320 in
967 3259 1107 3319 Octaviae

92 3347 217 3424 porticu
236 3349 374 3424 suscepit.
402 3346 515 3424 Atque,
532 3346 637 3424 utipse
651 3345 751 3422 tradit,
773 3345 985 3422 sexagesimum
1004 3344 1108 3402 aetatis

91 3447 206 3488 annum
230 3447 337 3507 ageas,
359 3429 479 3490 libellos
501 3429 745 3510 lnoptiarum,
767 3431 815 3508 qui
843 3446 918 3488 nunc
940 3426 1107 3489 locorum
