2412 3876
129 184 173 247 46
216 196 246 246 c.
260 196 410 245 suanum
427 195 555 255 annuo.
574 196 621 242 na
634 197 716 245 vrrs
730 195 915 244 cassanum
926 196 995 244 nro.
1009 197 1045 242 11.

131 370 187 432 que
207 351 389 431 complures,
412 351 491 430 prius
513 369 596 429 quam
617 350 833 411 invalescerent
855 351 961 411 indicio
987 350 1134 428 detectas,
1196 395 1198 406 .

131 437 304 514 compressit
322 434 394 495 alias
409 435 465 494 alio
481 443 628 515 tempore:
647 434 748 514 Lepidi
761 435 883 512 iuvenis,
902 434 1005 494 deinde
1022 436 1134 495 Varro·
1165 483 1167 488 .

129 523 173 580 nis
187 520 323 580 Murenae
339 529 368 578 et
383 519 473 580 Fanni
490 517 663 597 Caepionis,
678 536 746 578 mox
760 518 798 578 Μ.
813 517 937 596 Egnati,
954 521 1021 578 exin
1036 517 1133 578 Plauti

128 606 193 665 Rufi
211 604 337 682 Lucique
355 603 435 663 Pauli
455 605 614 682 progeneri
630 604 689 680 sui,
711 621 746 664 ac
761 605 878 681 praeter
896 602 949 664 has
965 602 996 662 h.
1009 601 1133 678 Audasi,

129 689 266 748 falsarum
287 687 447 748 tabularum
466 689 510 746 rei
527 705 561 747 ac
577 705 671 766 neque
686 695 781 746 aetate
802 704 896 765 neque
914 704 1040 766 corpore
1058 687 1158 750 inte-s

130 776 189 850 gri,
207 775 275 831 item
289 770 373 831 Asini
387 770 510 848 Epicadi
528 789 566 830 ex
580 779 669 848 gente
684 770 819 832 Parthina
834 769 964 847 ibridae,
980 771 1016 831 ad
1032 779 1132 831 extre·

129 873 204 915 mum
223 854 361 932 Telephi,
382 855 509 914 mulieris
531 857 610 914 servi
633 854 888 915 nomenculatoris.
920 855 993 916 Nam
1010 872 1047 914 ne
1065 853 1132 914 ulti·

112 958 193 1013 mae
209 937 323 1018 quidem
336 941 425 999 sortis
439 938 582 1014 bominum
604 940 818 1017 conspiratione
834 948 863 998 et
879 938 1010 1018 periculo
1027 939 1132 998 caruit.

129 1023 272 1085 Audasius
288 1031 373 1102 atque
388 1021 535 1102 Epicadus
554 1021 654 1083 lulium
668 1022 754 1082 liliam
770 1032 799 1082 et
815 1023 978 1102 Agrippam
992 1031 1132 1101 nepotem

130 1127 168 1168 ex
183 1107 298 1183 insulis,
316 1104 419 1185 quibus
434 1105 669 1183 continebantur,
690 1124 796 1186 rapere
814 1107 849 1166 ad
865 1109 1026 1184 exercitus,
1043 1105 1166 1165 rere-1·

130 1191 204 1270 phus
221 1192 303 1269 quasi
320 1188 418 1250 debita
434 1189 488 1250 sibi
504 1189 564 1250 fato
581 1189 774 1251 dominatione
793 1199 822 1250 et
843 1193 936 1269 ipsum
952 1199 981 1250 et
998 1197 1132 1250 senatum
1184 1255 1188 1264 ¹

130 1274 251 1352 adgredi
273 1273 457 1334 destinarant.
467 1274 570 1349 rsQuin
591 1276 676 1334 etiam
698 1275 839 1353 quondam
863 1277 950 1342 iuxta¹
968 1271 1132 1333 cubiculum

129 1361 191 1418 eius
213 1357 272 1418 lixa
293 1356 406 1437 qnidam
425 1376 463 1418 ex
484 1357 603 1433 lllyrico
625 1359 772 1434 exercitu,
796 1357 965 1418 ianitoribus
987 1357 1131 1457 deceptis,

129 1450 216 1501 noctu
242 1441 442 1520 deprehensus
472 1450 516 1501 est
544 1441 637 1502 cultro
665 1444 814 1502 venatorio
842 1443 968 1519 cinctus,
997 1443 1131 1520 imposne

128 1527 232 1585 mentis
254 1543 290 1586 an
309 1526 439 1586 simulata
461 1525 618 1604 dementia,
640 1528 793 1596 incertum;
819 1525 888 1636 nihil
908 1528 982 1586 enim
1005 1526 1129 1604 exprimi
1142 1545 1165 1586 ιι

129 1611 299 1690 quaestione
314 1613 417 1688 potuit

35 1703 121 1807 3320
190 1693 320 1754 Externa
341 1693 419 1755 bella
441 1694 497 1755 dno
522 1690 637 1755 omnino
662 1712 716 1773 per
739 1713 771 1754 se
799 1696 909 1772 gessit,
937 1692 1131 1753 Delmaticum

95 1776 301 1839 adulescens
317 1777 427 1855 adhuc,
444 1788 473 1838 et
494 1777 620 1839 Antonio
640 1778 756 1839 devicto
772 1776 983 1839 Cantabricum.
1013 1775 1129 1836 Delma-

5 1909 37 1949 „
62 1872 89 1932 zr-
128 1865 186 1922 lico
207 1862 292 1922 etiarn
301 1862 434 1923 wlnera
455 1864 589 1942 excepit,
612 1880 667 1924 una
688 1865 752 1922 acie
779 1863 910 1923 dextrum
930 1880 1008 1940 genu
1030 1860 1129 1940 lapide

10 1948 25 1966 ‘'
128 1949 218 2030 ictus,
237 1945 329 2010 altera
345 1955 375 2005 ct
391 1964 457 2025 crqs
472 1955 501 2007 et
517 1956 667 2026 utrumque
685 1945 833 2007 brachium
848 1949 930 2007 ruina
945 1948 1040 2024 pontis
1058 1962 1126 2005 con·
1138 1966 1164 2007 ro

128 2031 282 2090 sauciatus.
318 2027 443 2108 Reliqua
464 2048 519 2109 per
534 2031 651 2108 legatos
667 2030 889 2106 administravit,
911 2039 941 2090 nt
956 2040 1052 2090 tamen
1068 2030 1128 2108 qui·

127 2111 247 2172 busdam
277 2110 450 2173 Pannonicis
478 2123 563 2193 atque
585 2114 765 2175 Germanicis
794 2122 841 2174 aut
867 2115 1058 2174 interveniret
1082 2120 1131 2172 aut

127 2213 185 2256 nou
201 2195 291 2272 louge
306 2194 439 2273 abesset,
455 2197 622 2258 Ravennam
638 2198 895 2260 velhlediolam'um
910 2196 1129 2276 velAquileiam

85 2284 118 2337 21
127 2297 219 2360 nsque
235 2279 271 2343 ab
286 2279 358 2340 urhe
374 2281 579 2360 progrediens.
606 2281 721 2343 Domuit
736 2291 829 2343 autem
842 2284 945 2360 partim
960 2281 1046 2341 ductu
1061 2297 1127 2358 par·

128 2367 177 2425 tim
194 2365 330 2443 auspiciis
342 2367 404 2426 suis
420 2363 617 2444 Cantabriam,
633 2366 829 2446 Aquitaniam,
851 2367 1042 2442 Pannoniam,
1057 2363 1126 2422 Del·
1136 2387 1162 2428 aa

126 2451 240 2510 matiam
262 2467 326 2509 cum
345 2449 464 2525 lllyrico
488 2451 582 2529 omni,
603 2453 672 2512 item
692 2451 823 2530 Raetiam
849 2459 878 2510 et
901 2448 1071 2511 Vindelicos
1093 2465 1127 2507 ac

70 2589 73 2595 .
128 2533 279 2610 Salassos,
296 2543 401 2611 gentes
418 2534 573 2614 Inalpinas.
614 2533 751 2596 Coercuit
771 2543 801 2594 et
822 2534 967 2595 Dacorum
987 2532 1126 2593 incursio·

127 2636 196 2693 nes,
213 2616 303 2678 tribus
324 2636 423 2678 eorum
439 2619 558 2680 ducibus
581 2639 645 2680 cum
662 2621 992 2700 magnaeopiacaesis,
1009 2615 1126 2678 Germa·
1200 2665 1201 2672 ,

127 2717 240 2779 nosque
256 2701 329 2761 ultra
343 2701 440 2762 Albim
456 2703 571 2763 brivium
586 2707 754 2781 summovit,
777 2721 815 2764 ex
837 2702 939 2783 quibus
960 2700 1075 2764 Suebos
1098 2708 1128 2760 et

128 2782 297 2861 Sigambros
313 2783 445 2846 dedentis
461 2805 493 2846 se
514 2787 661 2848 traduxit
652 2806 680 2847 m
697 2786 818 2848 Galliam
833 2798 918 2867 atque
938 2789 967 2846 in
985 2787 1126 2865 proximis
1136 2801 1161 2844 au

126 2867 229 2929 Rheno
254 2871 333 2944 agris
355 2868 530 2940 conlocavit
565 2870 648 2932 Alias
670 2872 738 2930 item
758 2874 890 2932 nationes
918 2869 993 2930 male
1015 2871 1127 2954 quietas
1199 2915 1201 2920 .

128 2950 163 3010 ad
179 2951 353 3050 obsequium
381 2953 506 3030 redegit
537 2953 601 3014 Nec
622 2955 673 3015 ulli
689 2956 769 3032 genti
796 2957 858 3015 sine
873 2955 956 3015 iustis
974 2963 1003 3014 et
1023 2970 1127 3012 neces-

128 3034 211 3094 sariis
227 3037 321 3095 causis
338 3035 447 3097 bellum
463 3038 556 3097 intulit
562 3047 750 3119 ,tantumque
767 3039 836 3099 aluit
848 3056 864 3099 a
877 3037 1032 3117 cupiditate
1056 3053 1127 3116 quo·

128 3136 184 3199 quo
207 3117 321 3180 modo
312 3123 461 3200 imperium
483 3120 531 3181 vel
556 3083 690 3183 bellicam
709 3123 832 3200 gloriam
848 3122 989 3200 augendi,
1012 3130 1042 3180 ut
1045 3137 1127 3211 quo·

126 3203 246 3266 rundaru
267 3204 455 3267 barbarorum
478 3207 627 3305 principes
647 3209 676 3266 in
696 3207 769 3268 aede
786 3207 886 3269 hlartis
901 3205 1038 3268 Ultoris
1030 3199 1161 3282 sacurem
1199 3243 1200 3254 ι

128 3289 260 3365 coegerit
279 3307 429 3350 mansuros
450 3292 525 3351 sein
542 3289 598 3350 lide
617 3307 651 3350 ac
668 3309 740 3369 pace
759 3311 843 3371 quam
857 3299 1008 3389 peterent,
1035 3288 1126 3382 aqui·

127 3369 246 3432 busdam
266 3391 339 3434 vero
362 3390 466 3434 novum
488 3392 581 3452 genus
597 3373 727 3434 obsidum
734 3375 894 3453 ,leminas,
917 3376 1039 3452 exigere
1057 3367 1126 3430 te'm

128 3457 264 3534 ptaverit,
280 3457 357 3540 quod
373 3459 535 3536 neglegere
550 3476 657 3518 marum
672 3461 795 3538 pignera
813 3457 965 3539 sentiebat;
985 3467 1014 3517 et
1031 3465 1126 3516 tamen
