2408 3870
202 213 252 260 1111
538 209 750 258 PRAEFATIO.

201 369 269 428 lien
284 370 311 424 in
324 369 532 426 Polentonianis
551 369 676 441 scriptis,
693 385 808 438 quorum
825 369 916 440 gratia
933 368 1026 425 scelus
1039 367 1109 424 illud

203 453 376 511 commissum
394 467 457 508 esse
473 452 576 522 fertur,
594 453 683 507 nullas
700 452 830 508 Suetonii
846 452 962 509 lacinias
978 467 1011 507 ac
1026 451 1109 522 plane

203 538 277 594 nulla
298 543 421 592 veterum
451 536 617 607 scriptorum
641 533 763 606 vestigia
788 536 843 590 nisi
865 537 1039 606 vulgatorum
1059 551 1109 590 ex-

202 628 278 677 stare
294 617 495 680 demonstravit
509 618 614 674 ltitsohl
633 619 661 672 in
677 617 809 688 Parergis
825 618 958 680 Plautinis
972 626 985 676 l
1003 636 1029 691 p.
1046 623 1108 680 634.

266 701 366 774 Omnes
389 703 475 772 igitur
500 702 546 773 qui
573 701 751 757 inveniuntur
769 703 884 758 codices
907 701 1011 758 novicii
1035 707 1109 770 sunt,
1151 767 1156 776 Ι

203 788 223 842 i.
244 804 268 842 e.
286 787 371 842 altera
386 790 465 858 parte
481 785 587 850 saeculi
603 784 653 840 XV
669 785 767 857 scripti
774 780 809 858 ²⁸)
825 791 856 840 ut
872 801 938 842 sane
956 785 1110 840 mirandum

203 871 240 927 sit
258 877 313 924 tarn
330 869 410 926 brari
432 875 557 940 temporo
579 873 682 924 tantam
704 868 856 925 lectionum
874 868 1066 927 diversitatem
1081 867 1109 922 in

203 953 339 1026 exemplis
367 968 403 1008 ex
427 969 480 1008 uno
508 950 674 1023 propagatis
702 951 834 1008 subnasci
853 949 989 1024 poluisse.
1034 950 1110 1006 Haec

204 1037 329 1108 exempla
347 1035 415 1090 nulli
438 1034 499 1090 usui
516 1035 618 1103 lorent,
636 1033 689 1089 nisi
707 1034 781 1091 liber
800 1036 849 1091 ille
867 1036 901 1093 ab
916 1033 1050 1090 llcnocho
1066 1034 1109 1089 in-

203 1127 301 1177 ventus
317 1120 361 1188 vel
382 1118 505 1191 perisset
520 1119 565 1172 vcl
580 1117 679 1188 ignoto
696 1118 760 1173 loco
778 1117 886 1176 lateret.
930 1117 1007 1172 Nunc
1019 1122 1049 1171 ut
1062 1132 1109 1172 res

203 1221 235 1260 se
249 1204 349 1272 hebet,
369 1201 435 1258 boni
455 1200 519 1256 libri
541 1217 556 1257 a
571 1201 712 1272 corruptis
732 1199 921 1272 distinguendi
937 1205 1040 1256 suntet
1054 1200 1108 1254 eri-

202 1286 260 1343 tico
276 1287 427 1356 diligenter
442 1284 586 1355 sequendi.

41 1367 194 1459 ⁰⁰d1⁶⁰p¹⁰r¹⁴
265 1369 364 1426 Libelli
387 1369 421 1424 de
434 1367 624 1424 Grammaticis
647 1373 675 1423 et
690 1368 852 1425 rhetoribus
869 1368 982 1424 codices
998 1367 1108 1438 scripti,

102 1431 116 1472 p
136 1444 143 1458 ⁶
205 1460 332 1526 quantum
346 1469 400 1524 ego
410 1451 545 1524 comperi,
560 1450 685 1506 universi
698 1445 1107 1522 reperiunturnumerollvi').

204 1539 246 1594 lix
266 1536 302 1591 iis
318 1535 458 1608 aequabili
475 1533 622 1605 diligentia
641 1535 676 1590 ad
695 1534 915 1591 emendationem
935 1533 1030 1590 collati
1047 1540 1111 1589 sunt

205 1620 340 1692 quinque:
360 1617 521 1687 Leideusis,
545 1634 625 1690 quem
640 1617 777 1686 singulari
794 1619 829 1673 de
851 1633 933 1674 causa
950 1616 1109 1673 Perizonia·

204 1721 268 1760 num
283 1702 433 1776 appellant,
451 1701 601 1771 Gudianus,
619 1700 822 1770 Berolinensis,
839 1700 1014 1773 harleianus,
1031 1699 1110 1758 Puri-

205 1788 292 1843 sinus.
336 1786 377 1840 De
395 1785 431 1840 iis
445 1785 538 1840 statim
555 1783 668 1840 uberius
685 1783 803 1840 dicetur.
848 1785 971 1842 Nondum
986 1785 1110 1856 diligen-

205 1877 248 1926 ter
264 1869 412 1926 examinati
424 1868 468 1923 vel
484 1884 518 1922 ue
534 1867 653 1940 inspecti
669 1869 779 1937 quidem
794 1875 857 1923 sunt
872 1869 937 1924 libri
946 1868 1042 1924 -ltalici
1059 1873 1110 1923 uo-

206 1970 283 2021 rem,
306 1967 421 2023 quorum
443 1950 564 2022 quinque
586 1951 688 2006 Romae
711 1951 739 2005 in
762 1951 905 2008 Pontificia
927 1951 1109 2022 bibliotheca,

206 2035 310 2107 singuli
324 2033 460 2108 Venetiis,
477 2034 654 2102 Mediolanii,
670 2033 846 2103 Florentiae,
862 2034 979 2106 Neapoli
993 2051 1109 2090 servan-

206 2127 266 2184 tur;
285 2136 365 2173 unum
378 2117 544 2172 Havniensis
561 2117 731 2174 bibliotheca
744 2119 872 2190 possidet
883 2117 910 2175 in
924 2111 1065 2191 naniam).

204 2235 412 2248 —u-—na-U-

275 2311 323 2373 28)
341 2313 471 2362 Annorum
490 2323 563 2364 notas
582 2313 608 2362 lri
622 2313 784 2378 praeferuntc
803 2313 870 2365 14110
880 2314 1022 2377 Leidensis,
1043 2315 1110 2368 1462

207 2382 365 2438 Harleiauus,
386 2382 452 2432 1464
467 2383 588 2442 Venetus,
606 2384 673 2433 1177
687 2382 868 2434 Berolineasis.

275 2446 322 2511 29)
343 2451 402 2498 lude
420 2465 452 2500 ne
470 2450 554 2516 specie
569 2450 670 2513 quidem
688 2449 743 2500 veri
759 2450 844 2501 ornari
857 2451 939 2516 potuit
956 2451 1060 2502 verbum
1078 2451 1109 2502 ab

95 2577 103 2589 ,
207 2517 309 2567 homine
331 2519 476 2567 doctissimo
504 2517 641 2582 eodemque
663 2517 853 2568 bibliothecario
875 2519 988 2570 Amadec
1010 2519 1110 2584 Peyron

207 2587 334 2646 iactatum,
352 2587 395 2648 qui
410 2588 435 2636 in
449 2585 542 2636 Notitia
558 2587 678 2637 librorum
696 2585 851 2651 aValperga
869 2586 928 2636 bibl.
944 2583 1045 2636 Tauria.
1063 2587 1109 2637 do·

206 2662 322 2704 natorum
338 2653 406 2718 Lips.
425 2653 493 2706 1820
509 2669 534 2720 p.
552 2655 586 2706 85
604 2657 718 2716 Inclinat,
737 2655 830 2718 inquit,
846 2655 945 2705 enimus
963 2667 991 2704 ut
1009 2657 1110 2706 credam

206 2719 355 2772 Suetonium
375 2722 407 2771 de
426 2724 611 2787 grammaticis,
636 2727 706 2774 cuias
728 2731 790 2772 teste
813 2723 962 2774 casaubono
983 2725 1110 2788 uestigium

206 2790 303 2855 puidam
317 2791 408 2838 necllum
425 2792 451 2840 in
468 2792 579 2841 librariis
596 2796 635 2842 vel
651 2792 844 2854 locupletissimis
865 2799 990 2854 apparet,
1014 2793 1045 2842 ab
1063 2793 1110 2842 im·

206 2857 351 2926 posteribus
370 2855 508 2925 philologis
530 2861 616 2909 Italiae
637 2875 702 2910 saec.
718 2858 768 2908 XV
784 2873 841 2909 esse
856 2859 1006 2926 proiectum.

277 2924 593 2990 cenomannensium
611 2927 637 2977 hi
659 2934 730 2978 sunt:
749 2927 865 2977 Vaticani
875 2935 925 2978 tras
936 2927 1010 2979 1518.
1032 2925 1109 2979 1862.

206 2992 295 3056 4498,
323 2993 504 3047 ottobonianus
533 2997 614 3057 1455,
641 2997 748 3048 Urbinas
774 2995 848 3047 1194.
885 2997 978 3046 Eorum
998 2995 1110 3046 Achilles

213 3062 316 3124 Statius,
333 3078 390 3114 curn
404 3063 471 3115 hunc
488 3065 600 3114 libellum
618 3079 641 3114 a.
662 3063 727 3114 1565
746 3065 840 3114 Rornae
860 3066 953 3125 aderet,
970 3065 1043 3125 duca,
1059 3078 1110 3114 non

207 3138 274 3190 tres,
292 3133 418 3182 consuluit
433 3142 457 3184 et
473 3133 588 3198 quidem,
606 3140 634 3182 ut
652 3132 755 3198 opinor,
774 3134 854 3199 primo
868 3133 923 3184 loco
940 3141 1109 3182 enumeratos.
1195 3157 1198 3160 ·

206 3198 371 3251 -Venetus
389 3202 470 3251 codex
487 3203 513 3250 in
531 3201 657 3250 Marciana
675 3200 825 3252 bibliotheca
844 3201 924 3252 Cless.
940 3199 1010 3261 XIV,
1034 3202 1042 3249 l
1064 3214 1110 3251 nc-

207 3274 288 3328 tetus,
306 3268 364 3318 olim
380 3269 477 3318 Patavii
494 3270 520 3317 in
533 3269 593 3322 bibl.
614 3267 640 3318 S.
661 3269 761 3318 loannis
779 3269 805 3318 ln
824 3268 959 3319 viridiario
975 3269 1109 3334 repositus,

208 3335 316 3401 scriptus
335 3343 374 3386 est
387 3335 516 3386 Bononiae
535 3336 652 3396 a.1464;
672 3333 718 3389 cir.
737 3337 882 3387 Maasmaun
901 3337 934 3386 ad
953 3337 1031 3386 Taciti
1049 3335 1110 3386 Ger-

207 3404 332 3463 maniam,
351 3403 461 3454 Thomas
478 3403 506 3452 in
523 3401 661 3453 Miinehuar·
677 3405 728 3468 gel.
748 3409 813 3454 Ana.
837 3403 902 3455 1853
921 3419 963 3456 no.
985 3405 1009 3456 1.
1029 3405 1054 3454 2.
1075 3429 1110 3440 -

208 3469 577 3521 Mediolanii'hmbrosieuum
607 3471 720 3522 codicem
745 3481 923 3523 commemorat
950 3471 1111 3522 Montiaucon
1201 3533 1203 3546 i
