2444 3872
461 180 762 232 mvuscnsunuus.
1041 167 1102 232 153

1 326 2 330 ’
106 354 174 415 cas,
194 344 223 396 et
241 336 298 397 boc
311 336 433 415 amplius
448 336 524 415 patri
541 337 690 396 circenses
706 353 816 396 annuos
832 335 919 397 natali
934 335 997 405 die;
1018 335 1102 396 matri

105 429 289 500 carpentum,
309 437 366 499 quo
382 438 437 498 per
452 420 560 480 circum
580 418 751 496 duceretur,
773 428 803 479 et
823 437 987 497 cognomen
1002 419 1100 496 Augu·

105 513 184 580 stae,
200 504 236 563 ab
253 506 319 564 viva
334 513 506 564 recusatum.
538 502 583 563 Ad
598 503 695 564 fratris
709 503 890 579 memoriam,
918 521 972 582 per
988 520 1101 562 omnem

1 631 2 644 .
89 621 92 626 -
105 588 292 648 occasionem
307 587 496 662 celebratam,
513 585 691 648 comoediam
703 603 819 666 quoque
834 585 973 648 Graecam
984 586 1100 666 Neapo-

4 717 7 724 .
77 671 195 732 t'litano
218 672 373 746 certamine
395 671 492 731 docuit
514 669 604 730 aede
628 671 770 731 sententia
796 670 918 731 iudicum
940 671 1099 732 coronavit.

102 753 148 815 lle
161 754 288 815 llarcum
303 754 417 832 quidem
428 755 582 813 Antonium
593 753 794 814 inhonoratum
805 772 840 814 ac
853 755 915 814 sine
929 762 1012 830 grata
1022 770 1099 812 men·

103 841 182 898 tione
200 839 372 914 transmisit,
388 847 509 898 testatus
520 836 663 917 quondam
679 855 732 914 per
744 837 883 914 edictum,
899 846 978 898 tanto
990 837 1099 915 impen-

103 925 163 982 sius
179 930 280 1001 petere
295 940 328 982 se
340 931 370 982 ut
384 921 506 983 natalem
520 921 609 1000 patris
619 921 706 981 Drusi
721 920 918 998 celebrarent,
935 920 1013 1000 quod
1024 920 1100 980 idem

17 1009 19 1014 ’
103 1015 184 1066 esset
206 1014 235 1064 et
256 1007 303 1066 avi
324 1006 367 1064 sui
387 1004 516 1065 Antonii.
558 1004 675 1064 Tiberio
697 1022 887 1076 marmoreum
909 1023 1006 1065 arcum
1021 1006 1100 1064 iuxta

69 1099 93 1140 ¹⁰
102 1089 222 1168 Pompei
238 1089 394 1164 theatrum,
411 1088 558 1150 decretum
568 1087 758 1166 quidemolim
769 1097 1004 1148 asenatuverum
1015 1089 1099 1147 omis·

1 1193 3 1206 ³
102 1191 181 1250 sum,
199 1175 324 1250 peregit.
337 1172 389 1234 (lai
404 1189 519 1251 quoque
528 1174 583 1232 etsi
595 1181 658 1232 acta
672 1173 765 1232 omnia
773 1172 906 1248 rescidit,
921 1172 996 1232 diem
1005 1180 1099 1232 tannen

102 1259 346 1355 neuim-quamvis
363 1253 513 1316 exordium
528 1256 705 1335 principatus
722 1255 780 1332 sui,
801 1258 892 1316 vetuit
910 1257 986 1316 inter
1005 1255 1099 1316 festos

100 1341 217 1483 reierpp.
230 1424 257 1482 iu
279 1431 371 1482 semet
388 1423 521 1500 augendo
544 1441 650 1502 parcus
669 1433 755 1504 atque
776 1422 886 1500 civilis,
911 1425 1098 1503 praenomine

1 1491 2 1494 ¹
64 1523 92 1566 as
101 1507 290 1586 Imperatoris
311 1505 461 1583 abstinuit,
489 1508 592 1566 nimios
615 1507 743 1568 bonores
761 1497 922 1584 remeavit,
951 1506 1100 1586 sponsalia

102 1592 179 1652 filiae
193 1590 375 1669 natalemque
390 1591 480 1668 geniti
496 1592 612 1668 nepotis
631 1591 745 1651 silentio
764 1609 798 1651 ae
819 1598 924 1650 tantum
940 1589 1100 1650 domestica

100 1675 246 1752 religione
266 1676 417 1750 transegit.
449 1673 599 1734 Neminem
619 1674 734 1734 exulum
748 1675 801 1733 nisi
817 1692 855 1733 ex
869 1682 986 1736 senatus
1001 1683 1099 1734 aucto·

17 1787 19 1791 v
99 1761 186 1820 ritate
212 1759 345 1817 restituit.
375 1758 413 1819 Ut
428 1756 481 1816 sibi
499 1759 527 1816 in
547 1757 653 1818 curiam
669 1757 847 1837 praefectum
865 1759 1000 1836 praetori.
1013 1756 1099 1816 tribu-

99 1859 215 1919 nosque
224 1841 342 1900 militum
353 1859 451 1901 secum
461 1841 597 1902 iuducere
609 1841 728 1918 liceret,
746 1849 901 1920 utquerata
913 1849 1012 1900 essent
1024 1858 1099 1918 quae

1 1937 2 1942 ¹
61 1937 90 1978 ao
101 1933 309 2005 procuratores
323 1927 366 1984 sui
381 1927 409 1984 in
422 1923 574 1986 iudicando
589 1932 764 2001 statuerent,
780 1925 913 2004 precario
929 1924 1099 2002 exegit—lus

100 2007 286 2068 nundinarum
307 2009 336 2067 in
357 2009 469 2087 priuata
485 2007 604 2087 praedia
626 2007 824 2068 aconsulihus
839 2010 920 2086 petit.
949 2006 1099 2085 Cognitio-

99 2091 186 2151 nibus
198 2092 413 2168 magistratuum
424 2100 455 2151 ut
470 2109 542 2151 unus
556 2109 573 2151 e
589 2090 759 2153 consiliariis
771 2092 940 2171 frequenter
955 2093 1098 2160 interfuit;

100 2173 221 2236 eosdem
236 2175 405 2252 spectacula
421 2174 533 2234 edentis
550 2193 672 2252 surgens
689 2177 794 2254 etipse
814 2193 876 2235 oum
899 2185 996 2236 cetera
1017 2173 1099 2235 turba

99 2275 178 2318 voce
193 2274 228 2318 ae
241 2275 324 2318 manu
338 2267 491 2321 veneratus
503 2267 556 2318 est.
574 2258 632 2319 Til.
648 2259 701 2320 Pb.
716 2257 885 2320 adeuntibus
897 2277 930 2320 se
943 2277 998 2338 pro
1012 2258 1099 2318 tribu·

1 2366 2 2404 ι
55 2341 157 2426 'uenali
175 2345 341 2416 excusauit,
358 2341 435 2420 quod
450 2351 572 2422 propter
583 2344 730 2420 angustias
745 2361 802 2403 uon
816 2352 918 2421 posset
933 2343 1031 2405 audire
1045 2359 1099 2402 eos

1 2451 2 2460 ι
99 2426 157 2484 nisi
172 2425 410 2509 stantesAluare
426 2427 455 2485 in
471 2425 555 2485 brevi
576 2427 671 2504 spatio
687 2435 794 2486 tantum
809 2427 914 2486 amoris
931 2427 1099 2504 fauorisque

100 2526 137 2569 oo
162 2527 238 2585 egr,
313 2526 377 2568 oum
399 2509 562 2588 proiectum
582 2527 646 2568 eum
668 2507 910 2586 Ostiam'perisse
935 2527 973 2570 ex
989 2509 1099 2568 insidiis

1 2625 2 2667 5
98 2592 256 2652 nuntiatum
276 2601 370 2668 esset,
397 2610 501 2670 magna
529 2595 763 2653 consternatione
786 2591 910 2670 populus
930 2601 959 2652 et
981 2593 1099 2652 militem

1 2685 2 2709 ³
100 2675 183 2754 quasi
200 2675 395 2754 proditorem,
417 2684 446 2735 et
463 2685 592 2736 senatum
608 2677 689 2754 quasi
706 2675 876 2754 parricidam
893 2675 961 2736 diris
978 2693 1099 2736 execra-

62 2773 89 2814 ιιι
100 2757 228 2818 tionibus
244 2761 394 2819 incessere
410 2776 468 2819 non
485 2768 550 2820 ante
565 2758 720 2837 destiterit,
736 2777 820 2838 quam
835 2777 907 2820 unus
922 2769 1007 2838 atque
1025 2759 1099 2820 alter

9 2839 14 2848 ’
99 2850 130 2901 et
144 2858 214 2901 mox
232 2842 345 2920 plures,
363 2860 379 2902 a
395 2841 609 2920 magistratibus
623 2845 651 2903 in
666 2851 763 2903 rostra
781 2842 927 2921 producti,
944 2843 1054 2904 salvum
1070 2852 1100 2902 et

1 3003 2 3008 η
98 2925 334 3004 appropinquare
350 2925 533 2986 affirmarent.

1 3252 3 3303 l

1 3306 3 3364 l

161 3008 226 3068 Neo
249 3017 342 3070 tamen
364 3027 471 3088 expers
489 3009 651 3070 insidiarum
677 3029 903 3091 usquequaque
932 3013 1098 3090 permansit,

98 3091 151 3152 sed
167 3101 196 3151 et
210 3111 226 3152 a
242 3092 363 3170 siugulis
378 3102 408 3152 et
422 3111 476 3171 per
496 3093 651 3154 factionem
673 3104 702 3154 et
719 3095 842 3173 denique
864 3095 941 3155 cirili
961 3095 1040 3155 bello
1056 3097 1096 3154 iu·

61 3195 87 3235 aa
98 3177 225 3236 testatus
237 3185 290 3236 est.
306 3175 334 3237 ‘ld
352 3174 439 3254 plebe
456 3175 543 3236 bomo
560 3186 647 3237 nocte
661 3178 755 3239 media
769 3181 847 3239 iuxta
860 3178 1020 3237 cubiculum
1036 3179 1097 3237 eius

98 3277 162 3318 cum
183 3260 310 3336 pugione
334 3258 533 3338 deprehensus
555 3270 613 3328 est:
637 3264 746 3340 reperti
770 3271 799 3321 et
821 3262 965 3340 equestris
988 3261 1098 3320 ordinis

97 3427 174 3484 alter
190 3433 220 3484 ut
235 3443 387 3501 egressum
402 3426 529 3504 theatro,
551 3427 624 3486 alter
638 3437 668 3488 ut
686 3430 895 3489 sacrificantem
909 3426 984 3506 apud
999 3427 1099 3488 Martis

1108 1346 1197 1490 a&

1107 3018 1142 3073 13

1 3386 2 3431 Ξ
98 3341 199 3402 duo-in
217 3343 334 3420 publico
350 3361 413 3402 curn
428 3343 535 3403 dolone
550 3361 584 3403 ao
599 3347 750 3406 venatorio
767 3345 860 3405 cultro
873 3343 1097 3422 praestolantes,
1210 3359 1213 3366 ’

1 3465 3 3508 ,
25 3485 32 3490 .
