2444 3872
124 155 184 216 114
213 163 243 212 0.
257 162 407 212 samsom
418 161 547 222 TRANQ.
562 160 610 208 DE
621 159 705 207 VITA
717 157 901 208 CAESARUM
911 158 979 207 LIB.
991 157 1044 206 111.

77 315 114 374 ⁶6
183 317 314 384 Urebant
335 317 453 397 insopor
475 317 587 378 anxiam
601 324 725 377 mentem
740 316 820 376 varia
837 314 962 393 undique
984 315 1124 391 convitia,

121 403 201 466 nullo
225 419 282 462 non
301 402 496 463 damnatorum
516 417 600 462 omne
614 399 715 480 probri
730 417 823 476 genus
838 415 937 460 coram
954 397 1003 458 vel
1018 416 1074 477 per
1090 398 1123 458 li·

120 487 218 548 bellos
235 487 264 546 in
282 485 433 546 orchestra
450 485 563 565 positos
578 485 739 562 ingerente.
768 481 879 558 Quibus
896 481 1010 562 quidem
1025 482 1124 543 diver·

121 572 234 630 sisslmc
258 569 461 647 adficiebatur,
485 568 573 628 modo
589 577 619 628 ut
638 585 709 647 praa
729 566 843 646 pudore
864 568 963 643 ignota
978 574 1008 626 et
1027 565 1126 628 celata

108 661 368 741 flcfuncta‘cuperet,
382 669 593 732 nonnumquam
605 651 706 712 eadem
721 657 921 712 contemneret
933 658 963 710 et
974 641 1151 728 prolerrets

113 737 195 798 'ultro
212 746 298 815 atque
311 736 455 814 vulgaret.
478 737 553 812 Quin
568 744 597 796 et
607 734 747 795 Artabani
762 733 932 795 Parthorum
947 735 1027 810 regis
1044 733 1124 794 lace·

119 830 198 882 ratus
214 829 260 881 est
275 820 389 898 litteris,
402 819 556 900 parricidia
574 828 603 880 et
618 818 725 880 caedes
737 826 767 878 et
776 819 921 896 ignaviam
937 826 966 878 et
981 817 1126 878 luxuriam

119 903 289 982 obicientis,
307 905 510 983 monentisque
527 913 557 964 ut
575 903 736 964 voluntaria
751 911 845 963 morte
858 904 983 963 maximo
1001 902 1124 962 iustissi-

21 1017 24 1024 ·
76 996 110 1053 67
118 1006 224 1067 moque
251 989 356 1048 civium
382 987 448 1047 odio
472 1007 556 1068 quam
580 989 700 1068 primum
725 986 938 1048 satisfaceret.
968 984 1125 1047 Postremo

118 1081 211 1132 semet
237 1072 302 1151 ipse
322 1079 489 1150 pertaesus,
517 1071 566 1132 tali
588 1070 731 1149 epistulae
760 1071 904 1150 principio
930 1077 1039 1131 tantum
1064 1087 1126 1130 non
1137 1084 1164 1125 se

118 1172 254 1214 summam
268 1154 410 1214 malorum
424 1171 540 1216 suorum
553 1155 707 1235 professus
723 1163 782 1214 est:

180 1235 263 1311 Quid
291 1236 429 1298 scribam
458 1237 548 1299 cobis
574 1237 608 1298 P.
633 1235 667 1298 0.
691 1244 746 1298 act
770 1255 829 1318 qao
854 1236 945 1299 modo
972 1235 1125 1312 scribam,

118 1326 174 1381 out
205 1319 280 1400 qaid
307 1321 428 1382 omnino
456 1339 518 1382 noa
549 1319 686 1383 scribam
719 1321 778 1382 boc
809 1328 962 1398 ternpore,
1001 1320 1047 1380 dii
1076 1339 1128 1381 me

118 1403 255 1484 deaeque
275 1403 367 1483 peius
392 1404 529 1484 perdam
558 1422 650 1486 paam
677 1404 790 1467 cotidie
815 1405 920 1483 perire
947 1405 1061 1482 sentio,
1090 1403 1128 1490 si

117 1488 193 1550 seio.
1070 1489 1074 1496 '
1101 1489 1106 1496 “
1135 1497 1161 1539 1⁵

121 1567 124 1572 ’
181 1571 353 1636 Existimant
369 1573 482 1651 quidam
497 1573 663 1652 praescisse
676 1573 749 1634 haec
765 1591 829 1634 eum
845 1572 948 1651 peritia
962 1572 1126 1633 futurorum

118 1674 153 1718 ac
169 1655 260 1716 multo
277 1666 357 1734 ante,
374 1666 479 1735 quanta
495 1675 528 1717 se
544 1655 715 1736 quandoque
730 1656 875 1717 acerbitas
890 1665 920 1716 et
935 1656 1051 1716 infamia
1065 1674 1124 1716 ma-

117 1748 218 1816 neret,
240 1742 446 1820 prospexisse;
472 1740 613 1820 ideoque,
635 1749 664 1800 ut
688 1741 838 1821 imperium
855 1739 968 1817 inierit,
988 1749 1018 1800 et
1032 1741 1126 1818 patris

117 1825 229 1902 patriae
255 1823 481 1904 appellationem
503 1834 531 1884 et
552 1843 589 1883 ne
609 1825 638 1882 in
653 1833 717 1884 acta
732 1842 784 1884 sua
799 1825 942 1885 iuraretur
958 1822 1112 1886 obstinatis

118 1909 191 1967 sime
205 1925 437 1984 recusasse,·ne
451 1926 519 1968 mox
534 1908 643 1968 maiore
658 1907 808 1969 dedecore
822 1908 914 1987 impar
930 1908 1015 1968 tantis
1029 1906 1124 1968 bono·
1135 1923 1162 1965 ao

116 1990 197 2050 ribus
226 1993 412 2051 inveniretur.
454 1990 540 2067 Quod
564 2008 634 2050 sane
662 2009 700 2050 ex
722 1992 853 2052 oratione
875 1993 954 2068 eius,
978 2009 1063 2070 quam
1087 1991 1125 2051 de

116 2083 238 2153 utraque
261 2073 430 2151 rehabuit,
455 2075 555 2152 colligi
577 2082 688 2152 potest;
711 2075 760 2134 vel
783 2091 847 2134 cunr
861 2075 1069 2159 aitpoimilem
1090 2093 1125 2135 oc

116 2173 238 2234 semper
254 2156 305 2234 sui
321 2155 460 2236 futuram
475 2177 532 2219 aec
549 2175 693 2236 amquam
712 2163 899 2220 mutaturam
919 2157 1022 2220 mores
1035 2177 1124 2237 euos,

62 2313 64 2317 ι
116 2257 210 2319 puato
225 2239 279 2300 dia
295 2257 396 2301 sanae
408 2242 517 2302 mactis
528 2240 662 2320 fcisoet;
678 2240 736 2302 sed
748 2241 883 2321 werapii
893 2261 993 2305 caasa
1008 2260 1123 2306 cacen-

116 2323 189 2385 dcm
204 2341 287 2400 esse,
304 2343 342 2385 ae
356 2343 391 2384 se
408 2331 534 2385 senatus
550 2325 583 2386 ire
600 2331 675 2386 acta
690 2327 871 2406 cuiusquam
886 2325 1050 2407 obttparet,
1070 2328 1161 2408 quies

116 2408 223 2488 ulipao
240 2425 317 2470 casa
331 2409 448 2470 matari
458 2416 574 2488 posset.
606 2409 643 2470 Et
657 2428 757 2470 rursus

177 2491 214 2552 st
233 2493 357 2572 quando
378 2500 495 2568 autera,
517 2493 621 2572 inquit,
646 2491 685 2553 de
702 2492 841 2554 moribus
857 2491 932 2553 rods
953 2491 1126 2573 devotoque

115 2574 205 2637 vobis
220 2577 322 2638 animo
334 2576 561 2652 dubitaveritis,
577 2573 676 2660 (quod
686 2577 777 2655 prius
792 2594 884 2658 qaum
899 2577 1031 2654 eveniat,
1050 2584 1124 2656 opta

114 2666 149 2719 at
166 2677 214 2719 me
232 2678 394 2736 supremus
412 2660 479 2721 dies
492 2660 564 2721 baia
576 2666 714 2721 mutatae
731 2669 856 2724 cestrae
870 2659 909 2721 de
923 2661 1126 2741 meopiaioni

116 2739 245 2823 eripiat)
261 2742 479 2805 nibilboaoris
493 2744 608 2806 adiciet
622 2745 698 2806 mibi
707 2746 817 2824 patria
832 2746 1016 2825 appellatio,
1031 2744 1160 2810 cobirac

116 2833 219 2886 uatem
239 2824 463 2904 exprobrabit
495 2835 550 2889 act
585 2829 783 2891 teneritatem
815 2830 913 2891 delati
945 2829 1020 2892 mttt
1055 2829 1124 2891 eius

117 2909 305 2989 capnominis
321 2916 376 2971 act
391 2911 631 2994 iacoactaatflm
644 2913 796 2974 conmorit·
810 2913 849 2974 de
861 2930 909 2974 mo
922 2912 1039 2974 iudicii.

71 2997 108 3054 68
180 2992 314 3072 Corpore
334 2995 387 3055 init
409 2995 506 3075 amplo
529 3005 614 3076 atque
635 2996 772 3074 robusto,
795 3005 903 3058 stature
923 3013 998 3076 quae
1018 2996 1123 3058 iustam

117 3076 290 3148 excederet;
307 3078 381 3140 latus
396 3079 431 3140 ab
444 3079 570 3140 humeris
586 3088 615 3140 et
630 3088 763 3159 pectore,
779 3082 887 3142 ceteris
902 3097 1019 3161 quoqne
1033 3076 1133 3141 mom-²

115 3159 176 3220 bris
199 3179 292 3240 usqne
316 3163 352 3223 ad
374 3165 448 3224 imos
478 3163 570 3242 pedes
590 3164 719 3243 aequalis
744 3173 775 3224 et
798 3180 977 3242 congruens;
1004 3164 1158 3230 sinistram

114 3260 199 3305 manu
223 3246 345 3322 agiliore
369 3265 403 3307 ac
417 3247 573 3324 validiore,
596 3248 725 3308 anticulis
740 3249 780 3309 ita
794 3249 899 3327 firmis,
919 3257 950 3310 ut
969 3259 1122 3312 recenset

114 3327 258 3406 integrum
284 3331 388 3390 malum
413 3329 504 3407 digito
530 3331 707 3410 terebraret,
742 3342 828 3413 capnt
853 3334 937 3414 puori
963 3333 1012 3394 vel
1034 3337 1120 3396 ctiam

114 3409 309 3474 adulescentis
324 3414 421 3476 talitro
435 3412 612 3474 vulneraret.
644 3415 753 3478 Colore
772 3427 835 3479 erat
850 3417 989 3498 candido,
1012 3417 1120 3498 capillo
