2438 3872
446 281 725 332 VITELLIUS.

443 709 708 767 irretitos

85 863 325 926 Vitelliorum
338 867 479 944 originem
496 867 545 927 alii
561 867 645 928 aliam
666 877 695 927 et
716 869 831 949 quidem
853 873 1077 934 diversissimam
1093 885 1108 935 1

76 897 207 1026 tradunt,
229 951 334 1030 partim
347 959 479 1011 veterem
496 961 525 1010 ct
541 951 686 1029 nobilem,
706 956 808 1032 partim
828 973 902 1016 vero
922 973 1025 1017 novam
1048 965 1078 1020 ct

77 1033 231 1094 obscuram
253 1043 340 1113 atque
363 1037 449 1096 etiam
470 1035 632 1105 sordidam;
657 1038 734 1114 qnod
754 1055 812 1117 ego
835 1057 890 1118 per
910 1040 1078 1100 adulatores

77 1117 379 1220 obtrectatoresque
369 1120 553 1200 imperatoris
569 1120 670 1180 Vitelli
690 1124 826 1198 caepisse
849 1126 1000 1203 opinarer,
1024 1126 1079 1185 nisi

50 1202 226 1281 saliquanto
238 1204 317 1280 prius
328 1202 364 1263 dc
376 1203 502 1264 familiae
513 1204 679 1264 conditione
691 1209 829 1268 variatum
842 1218 932 1268 esset.
947 1207 1076 1282 ExtatQ.

76 1286 166 1364 Eloqi
177 1286 214 1347 ad
227 1284 362 1360 Quintum
373 1288 520 1348 Vitellium
532 1287 599 1349 Divi
610 1287 735 1366 Augusti
748 1300 935 1370 quaestorem
948 1291 1077 1372 libellus,

77 1388 143 1450 quo
153 1371 326 1448 continetur,
341 1372 478 1433 Vitellios
494 1371 593 1432 Fauno
608 1371 799 1452 Aboriginum
813 1393 885 1454 rege
902 1375 1077 1452 civitellis,

76 1474 153 1535 quae
169 1455 264 1516 multis
281 1456 356 1516 locis
373 1474 427 1536 pro
443 1457 556 1517 numine
574 1457 733 1533 coleretur,
750 1469 832 1519 ortos
847 1470 910 1520 toto
926 1458 1035 1519 batic'
1027 1477 1077 1518 rm-

76 1556 216 1618 perassc;
239 1539 341 1600 borum
364 1541 509 1601 residuam
532 1541 652 1619 stirpem
674 1559 711 1602 ex
727 1543 841 1603 Sabinis
863 1545 1003 1604 transisse
1018 1542 1077 1602 lio·

11 1665 14 1670 ·
39 1639 67 1682 ao
76 1642 151 1684 mam
166 1625 347 1702 atque‘inter
361 1625 500 1704 patricios
516 1624 674 1693 adiectam
697 1626 800 1686 indicia
818 1629 916 1706 stirpis
936 1629 1078 1686 mansisse

76 1709 125 1768 diu
141 1710 215 1768 viam
229 1707 378 1770 Vitelliam
395 1709 430 1769 ab
446 1707 576 1769 laniculo
591 1710 627 1771 ad
642 1727 836 1788 marcusque,
852 1712 920 1770 item
933 1711 1079 1770 coloniam

77 1793 207 1852 eiusdem
229 1794 369 1868 nominis,
390 1811 475 1872 quam
496 1793 598 1870 gentili
620 1796 704 1872 copia
731 1794 874 1854 adversus
895 1794 1078 1874 Aequiculos

75 1878 222 1939 tutandam
246 1878 314 1938 olim
340 1877 601 1957 depoposcissent;
630 1888 764 1956 tempore
797 1879 903 1941 deinde
931 1880 1079 1940 Samnitici

76 1961 149 2021 belli
160 1963 307 2040 praesidio
319 1963 347 2021 in
358 1961 493 2042 Apuliam
506 1964 605 2038 misso,
622 1962 762 2042 quosdam
783 1981 821 2023 ex
840 1963 957 2024 Vitellis
973 1962 1077 2022 subse·

39 2063 67 2108 ιι
77 2045 157 2107 disse
172 2047 330 2121 Nuceriae,
353 2063 512 2124 eorumque
531 2048 703 2124 progeniem
724 2047 814 2124 longo
834 2057 902 2126 post
921 2045 1076 2108 intervallo

75 2133 223 2208 repetisse
244 2130 343 2190 urbem
365 2139 452 2208 atque
475 2129 605 2190 ordinem
623 2132 807 2191 senatorium.
848 2129 957 2192 Contra
976 2130 1110 2210 pluresi

75 2223 226 2274 auctorem
247 2216 365 2291 generis
387 2213 552 2274 libertinum
574 2214 780 2294 prodiderunt,
808 2218 924 2276 (lessius
946 2217 1076 2277 Severus

75 2317 133 2358 nec
153 2300 246 2360 minus
265 2299 313 2358 alii
336 2298 458 2358 eundem
482 2308 512 2358 et
533 2307 661 2359 sutorem
686 2301 972 2378 veterameutarium,
996 2301 1077 2360 cuius

75 2381 153 2442 lilius
170 2382 349 2443 sectionibus
366 2392 395 2442 ct
411 2383 570 2460 cognituris
583 2383 701 2443 uberius
724 2385 924 2462 compendium
944 2392 1077 2458 nanctus,

37 2484 66 2526 ao
79 2485 117 2526 ex
135 2467 258 2527 muliere
273 2467 397 2544 vulgari,
410 2466 548 2527 Antiochi
566 2466 713 2527 cuiusdam
733 2468 887 2528 furnariam
909 2467 1078 2526 exercentis

76 2551 147 2626 iilia,
165 2553 291 2630 equitem
306 2550 341 2610 R.
359 2553 503 2628 gennerit.
534 2550 593 2611 Sed
609 2552 687 2629 quod
702 2551 859 2631 discrepat,
875 2553 912 2610 sit
928 2552 956 2609 in
969 2550 1076 2610 medio.
1111 2559 1114 2564 '

77 2633 217 2696 Ceterum
230 2635 261 2696 P.
277 2635 413 2695 Vitellius
429 2636 515 2695 domo
531 2633 667 2711 Nuceria,
687 2637 748 2694 sive
764 2635 815 2695 ille
830 2637 928 2714 stirpis
942 2635 1078 2712 antiquae

75 2722 141 2781 sive
159 2720 302 2798 pudendis
318 2718 486 2798 parentibus
504 2727 592 2798 atque
605 2720 677 2796 avis,
695 2737 787 2798 eques
800 2728 881 2779 certe
893 2719 927 2778 li.
942 2728 971 2778 et
981 2735 1078 2778 rerum

77 2804 202 2881 Augusti
217 2813 400 2882 procurator,
416 2811 551 2882 quattuor
565 2802 641 2862 Alios
656 2803 848 2882 ampllssimae
865 2804 1011 2881 dignitatis
1028 2820 1077 2863 co-

38 2889 231 2967 sequentias
252 2905 287 2948 ac
307 2897 413 2948 tantum
436 2886 672 2966 praenominibus
694 2888 846 2947 distinctos
871 2888 988 2967 reliquit
1010 2887 1077 2947 Aul

77 2972 116 3072 Q.
133 2972 164 3032 Ρ.
181 2977 209 3032 L.
225 2972 341 3032 Aulus
332 2991 361 3030 ιιι
375 2972 527 3032 consulatu
543 2970 614 3030 obiit
623 2989 739 3050 ,ιιιιιιιι
761 2989 825 3031 cunr
841 2970 967 3032 Domitio
983 2970 1077 3032 Nero·

76 3057 123 3116 nis
139 3054 275 3116 Caesaris
290 3065 372 3136 patre
385 3057 498 3132 inierat,
514 3055 681 3134 praelautus
694 3056 801 3134 alioqui
813 3055 999 3134 famosusque
1011 3075 1078 3154 cac·
1085 3075 1111 3124 c,

76 3156 177 3202 narum
192 3139 436 3217 magnificentia.
449 3140 571 3215 Quintus
589 3141 679 3198 caruit
693 3140 804 3215 ordine,
821 3159 885 3199 cum
902 3148 1021 3200 auctore
1028 3119 1078 3198 'li-

75 3224 161 3286 berio
177 3225 292 3284 secerni
309 3226 401 3284 minus
417 3224 540 3285 idoneos
559 3232 711 3284 senatores
721 3225 934 3302 removerique
952 3222 1078 3300 placuis-

13 3341 15 3372 :
40 3317 134 3370 toset.
149 3313 197 3388 Ρ.,
216 3307 379 3369 Germanici
398 3325 515 3384 comcs,
538 3306 899 3368 0N.Prsonem1nrmrcum
915 3306 1078 3365 etinterie·

13 3405 16 3470 ξ
76 3402 189 3454 ctorem
212 3393 274 3452 cius
296 3394 445 3452 accusavit
473 3391 749 3492 condemnatique,
771 3409 806 3452 ac
831 3399 900 3471 post
921 3398 1078 3468 praeturae

14 3471 16 3512 3
74 3477 219 3538 honorem
235 3477 310 3536 inter
325 3477 422 3536 Seiani
441 3477 577 3538 conscios
593 3486 728 3554 arreptus
739 3477 788 3535 ct
779 3494 807 3533 ιιι
822 3473 984 3535 custodiam
995 3472 1077 3534 lratn

15 3595 28 3736 i

15 3555 159 3640 ξῖἀιιιιι
175 3560 295 3639 scalpro
314 3559 433 3622 librario
449 3559 611 3703 venaqsibi
627 3559 735 3635 incidit,
754 3568 882 3620 nectam
894 3559 1080 3636 mortispae·

496 3741 531 3806 -tt
