2412 3876
440 201 647 252 PRAEFATIO.
917 203 987 253 XCV

7 401 8 404 ,
80 365 118 418 98
131 358 217 414 tinette
231 372 281 414 sac
297 374 351 415 uon
367 358 503 426 inteltiqo.
525 357 652 416 Ceterum
669 360 764 416 nedem
782 400 788 416 .
805 400 813 416 .
830 360 985 420 inchoatam

79 458 168 514 snpra
181 457 290 512 quoqne
305 458 332 512 p.
346 446 390 511 65,
409 448 442 500 10
458 442 598 498 habemns.

139 523 984 599 tinetteunittcrcntiarumsermonum‚quicxsne-

7 617 8 672 ξ
81 605 982 680 tcniiTranqnittiPratcexcerptusessedicitnr,abhacediticnc

81 690 235 748 excludere
250 689 336 760 nolui,
352 706 514 762 quamquam
524 697 623 764 sponte
642 693 777 749 confiteor
794 693 876 748 talenr
892 694 982 765 quatis

80 779 125 830 est
141 791 155 829 a
172 772 305 829 Suetonio
324 789 414 845 neqne
431 774 518 830 scribi
537 790 626 845 neque
643 791 658 830 a
677 775 799 832 Remmia
816 775 981 833 Palaemone

82 855 191 912 desumi
207 856 341 927 potuisse.
378 857 435 912 Sed
452 873 512 912 eunn
527 858 613 912 semet
630 863 732 914 tentum
748 859 843 914 formis
862 861 982 933 impres·

80 956 129 995 sus
152 939 191 995 sit
212 937 328 1010 eiusque
352 939 483 996 editionis
509 941 636 1012 exempta
662 947 690 996 et
711 941 853 999 rarissima
873 944 929 999 sint
954 949 983 999 et

81 1021 308 1094 corruptissima,
328 1022 405 1078 nolui
426 1023 526 1077 lectori
542 1025 637 1080 harum
652 1040 743 1080 rerum
759 1026 886 1084 studioso
901 1025 982 1098 quesi

81 1105 256 1162 abscondere
281 1103 408 1161 libellum
426 1121 514 1177 nuper
536 1105 686 1178 aliquoties
708 1107 735 1162 in
751 1108 981 1181 disceptationem

81 1194 208 1246 vocatum
223 1192 251 1243 et
272 1189 369 1244 saltem
385 1188 465 1244 titulo
481 1188 515 1243 de
534 1190 651 1246 meliore
666 1196 731 1246 ncta
754 1192 979 1264 commendatum,

7 1261 8 1274 ¹
80 1271 201 1342 deniqne
219 1270 340 1342 anobis,
356 1271 411 1328 nisi
428 1271 532 1328 animus
547 1271 635 1342 fallit,
652 1273 793 1344 aliquanto
809 1276 981 1331 emendatio-

7 1411 9 1416 .
78 1369 139 1410 rann
158 1353 268 1410 iactum.

144 1437 241 1494 Exstat
257 1438 369 1494 libellus
386 1443 514 1508 quantum
526 1438 675 1509 explorare
687 1440 774 1510 potui,
791 1456 845 1496 non
862 1440 978 1512 amplius
1032 1455 1040 1472 ·

78 1521 166 1577 semet
182 1537 262 1576 manu
278 1521 415 1592 scriptus,
430 1522 458 1575 iu
473 1521 571 1577 codice
588 1521 669 1576 Sace.
687 1521 734 1591 IX,
753 1523 799 1592 qni
818 1522 883 1578 olim
898 1524 980 1578 loen-

77 1605 123 1660 nis
137 1603 259 1660 Bouhier
272 1603 391 1660 Divicne
406 1603 473 1673 tuit,
491 1620 563 1659 nune
578 1604 837 1676 Montepessuianns
855 1612 912 1675 est,
929 1621 981 1660 nn-

77 1703 156 1744 mero
176 1691 227 1747 306
247 1687 403 1743 distinctus.
447 1687 477 1742 lu
501 1703 535 1742 eo
558 1687 674 1756 codice,
699 1693 727 1740 ut
749 1688 908 1758 singulatim
929 1703 980 1744 ex-

78 1770 192 1842 ponitur
207 1771 235 1824 in
257 1769 409 1840 catalogue
426 1771 541 1840 general
559 1771 609 1825 des
625 1770 789 1826 manuscrits
812 1770 862 1826 des
877 1771 979 1842 dapar-

78 1859 196 1909 tements
214 1860 228 1911 l
244 1870 269 1924 p.
286 1857 348 1923 409,
364 1851 550 1922 Synonymica
567 1852 700 1924 opuscula
716 1852 856 1924 complure
876 1854 979 1922 insunt,

77 1952 133 1992 non
151 1942 254 1992 tantum
267 1935 401 2006 Agroecii
417 1943 445 1990 et
456 1936 556 1993 Isidori
573 1933 704 2006 genuina,
720 1935 770 1990 sed
782 1934 979 1991 ProbiValerii

8 2051 9 2094 3
78 2033 191 2091 quoqne
208 2019 354 2089 etVirgilii
366 2024 393 2074 et
401 2017 545 2074 Ciceronis
558 2019 604 2074 vel
619 2017 768 2074 subditicin
777 2018 822 2073 vei
834 2024 977 2091 suspecta,

7 2141 8 2146 η
76 2107 227 2174 prectcren
245 2101 368 2158 eiusdem
379 2102 493 2172 generis
508 2102 562 2158 alia
575 2101 634 2157 sinc
651 2107 792 2184 unctorqm
810 2101 977 2158 nominibus.

76 2185 119 2240 Ex
140 2199 176 2241 eo
198 2185 298 2242 codiee
325 2200 385 2240 cnm
405 2183 459 2240 etin
480 2190 535 2239 turn
556 2187 626 2240 haue
648 2184 811 2257 partientem
827 2185 978 2257 descripsit

75 2267 222 2340 Philippus
237 2265 372 2324 d'Orvilie
389 2267 530 2337 ediditque
552 2284 575 2323 a.
594 2272 660 2328 1749
681 2269 709 2323 in
723 2267 910 2324 Miscellaneis
926 2269 978 2323 cb-

75 2345 286 2408 servaticnibns
299 2350 379 2406 novis
394 2357 410 2410 9
434 2367 460 2421 p·
478 2355 528 2410 977
544 2366 604 2421 sqq.
647 2350 777 2407 Eiusdem
792 2349 977 2421 antiquissimi

76 2433 186 2492 codicis
203 2435 311 2506 copiam
334 2432 507 2489 aFridericc
523 2434 635 2490 Ddbner
656 2434 754 2490 iactam
771 2434 900 2504 dcccque
922 2431 977 2488 sibi

26 2581 30 2592 ⁸
75 2519 169 2574 datam
200 2515 414 2574 Frideriens
439 2516 582 2572 Bitscht
604 2517 669 2572 mihi
694 2517 821 2574 utendam
840 2515 979 2587 permisit,

77 2600 159 2656 cuins
176 2599 306 2656 beneficii
323 2599 455 2656 meximas
471 2599 589 2670 egregio
603 2599 663 2654 viro
680 2597 785 2670 gratias
802 2614 865 2669 ago.
902 2597 978 2652 Titu-

7 2727 10 2744 ,
76 2678 165 2757 lus⁹³)
191 2689 248 2738 est:
271 2681 486 2738 INclPlVN'l'
509 2681 757 2738 differentiae
780 2697 978 2738 sermonum

7 2803 9 2818 .
76 2766 172 2824 Remi
194 2765 397 2824 Patemcnis
421 2782 463 2821 ex
482 2765 579 2821 libro
596 2764 781 2840 Suetonii,
808 2765 979 2838 subscriptio

7 3013 9 3024 Α
145 2960 193 3025 93)
214 2961 268 3026 Ipsi
283 2961 356 3012 titulo
371 2961 444 3024 quasi
464 2961 564 3028 prologi
580 2960 660 3011 instet
673 2959 736 3010 haec
750 2961 889 3027 praemissa
904 2965 977 3010 sunta

74 3029 214 3082 ‘Palemon
235 3028 364 3080 Vicetinue
389 3030 499 3096 insignis
525 3029 704 3094 grammaticus
729 3030 824 3079 Remea
852 3025 976 3088 hebetum

74 3099 119 3164 qni
136 3097 266 3164 quendem
284 3095 455 3163 interrogatus
473 3097 533 3168 quiq]
548 3098 614 3147 inter
634 3096 726 3146 stillam
745 3103 769 3145 et
780 3103 876 3162 guttam
896 3095 976 3146 inter·

74 3176 152 3228 esset,
169 3165 243 3216 Gutta
259 3165 341 3229 inquit
358 3173 415 3224 stat,
434 3165 499 3217 stilla
515 3165 596 3215 cadit’
613 3179 676 3229 quae
694 3165 772 3214 verte
784 3178 817 3214 ex
832 3161 977 3228 Hieronymi

74 3235 195 3286 chronico
218 3233 344 3300 descripta
363 3248 440 3300 snpra
462 3233 547 3284 edunt.
567 3231 602 3284 60
624 3231 882 3282 commemoravimus.
924 3229 977 3282 Sed

74 3317 161 3354 errore
181 3301 275 3352 iactum
291 3309 330 3352 eet
342 3309 370 3352 ut
385 3301 522 3352 Dervilliua
534 3316 642 3365 eumque
660 3307 762 3350 secutus
777 3299 892 3350 flandins
908 3297 977 3348 hnne

72 3371 212 3438 prologum
224 3369 309 3422 libelle
326 3369 441 3438 proxim
455 3369 611 3436 praescripto
623 3376 752 3434 tamqnam
766 3368 896 3435 epilogum
914 3363 975 3415 snb-

73 3441 218 3506 iungcrcnt.
247 3493 249 3496 v
1013 3446 1017 3449 ·
