2438 3872
508 171 791 220 vrusnmus,
1080 157 1139 220 221

142 337 239 388 torum
256 325 543 405 publicanorumque,
562 328 609 404 qui
624 344 757 405 umquam
773 345 807 386 se
822 337 869 387 aut
884 325 995 386 Romae
1015 325 1142 388 debitum

145 421 194 472 aut
207 413 237 470 iu
250 412 298 470 uia
313 409 471 488 portorium
487 409 679 488 flagitassent,
695 413 745 470 uix
759 411 809 471 ulli
822 410 970 490 pepercit;
988 409 1142 488 exquibus

146 494 290 574 quendam
316 493 344 552 in
370 493 434 571 ipsa
461 492 634 573 salutatione
660 494 806 575 supplicio
832 494 964 554 traditum
990 497 1142 571 statimque

144 586 327 654 revocatum,
348 579 459 636 eunetis
475 577 655 638 clementiam
675 578 872 655 laudantibus,
898 596 996 638 coram
1019 577 1143 638 interliei

121 663 239 740 aiussit,
256 661 335 721 velle
346 678 379 719 se
397 661 498 721 dicens
513 679 648 740 poscere
663 663 792 734 oculos,·
808 662 927 722 alterius
941 680 1056 741 poenae
1068 661 1141 721 duos

146 745 222 808 lilios
240 721 519 824 aimclf‘dspreeart
543 764 597 825 pro
619 755 701 825 patre
726 757 857 807 conatos.
886 745 945 806 Sed
966 755 995 805 et
1015 747 1142 831 turritam

103 893 107 898 ,
144 829 181 890 lt.
199 829 440 910 proclamantem,
457 848 520 890 eum
541 841 695 910 raperetur
718 831 753 891 ad
775 848 913 911 poenam:
939 827 1037 890 Heres
1057 847 1143 889 meur

145 915 199 974 ea!
213 911 353 974 exhibere
364 915 528 973 testamenti
540 914 653 975 tabulas
666 916 775 993 coegit,
786 925 874 994 utque
886 914 959 991 legit
967 913 1142 974 coheredem

146 997 201 1058 sibi
217 997 351 1058 libertum
368 999 431 1057 elus
452 1001 624 1078 ascriptum,
645 999 769 1076 iugulari
785 1017 849 1059 cum
861 998 967 1059 liberto
979 999 1174 1079 imperavit...

108 1107 137 1148 1c
147 1081 295 1158 Quosdam
311 1090 341 1142 et
361 1081 397 1140 de
419 1081 506 1161 plebe
526 1082 564 1142 ob
586 1082 615 1143 id
636 1085 742 1162 ipsum,
770 1082 847 1162 quod
870 1085 1001 1143 Venetae
1022 1082 1141 1142 lactioni
1159 1084 1193 1102 ‘⁶

148 1165 228 1227 clare
243 1164 318 1226 male
334 1164 475 1244 dixerant,
490 1167 648 1244 interemit,
666 1175 831 1246 contemptu
847 1169 890 1228 sui
907 1175 936 1226 et
949 1185 1024 1226 nova
1046 1184 1100 1246 spe
1114 1165 1143 1226 id

147 1269 236 1312 ausos
260 1250 402 1328 opinatus.
438 1249 534 1310 Nullis
560 1259 655 1310 tamen
677 1251 819 1311 infensior
836 1269 920 1329 quam
934 1250 1099 1311 vernaculis
1113 1259 1143 1310 et

145 1335 364 1411 mathematicis,
377 1342 408 1392 ut
424 1335 545 1413 quisque
561 1334 734 1412 deferretur,
751 1335 905 1395 inauditum
926 1336 1022 1414 eapite
1044 1335 1141 1412 punie-

146 1418 205 1497 bat,
222 1416 426 1493 exacerbatus,
442 1418 519 1497 quod
533 1428 600 1498 post
616 1418 741 1478 edietum
756 1438 846 1496 suum,
863 1437 921 1498 quo
936 1417 1053 1479 iubebat
1068 1419 1141 1477 intra

109 1502 194 1566 rslll.
212 1502 275 1562 Oct.
293 1501 365 1561 urbe
381 1501 521 1582 Italiaque
536 1501 728 1563 mathematici
745 1503 935 1578 excederent,
952 1504 1046 1562 statim
1059 1500 1141 1561 libel·
1158 1571 1164 1590 ³

146 1588 191 1648 lus
207 1587 377 1666 propositus
396 1595 451 1663 est,
469 1593 498 1646 et
509 1585 687 1648 Chaldaeos
704 1587 818 1664 dicere,
836 1587 948 1648 bouum
960 1585 1144 1667 factumue
1159 1597 1168 1656 ζ

150 1670 290 1732 Vitellius
305 1669 509 1731 (immunimus
522 1671 606 1730 iube
622 1671 749 1732 eundem
766 1670 977 1733 Calendarum
993 1670 1073 1731 diens
1089 1687 1141 1729 cs·
1164 1665 1170 1720 ἒ

147 1773 240 1836 quom
254 1760 344 1816 esset.
378 1755 539 1834 Suspectus
554 1764 584 1813 et
600 1756 629 1815 in
644 1765 737 1816 morte
748 1759 845 1816 matris
858 1757 921 1832 lu't,
938 1757 1022 1835 quasi
1034 1771 1142 1831 aegrae

147 1839 284 1919 praeberi
301 1838 394 1899 cibum
411 1837 617 1918 prohibuisset,
631 1840 806 1901 uaticinante
823 1839 888 1900 Gatt
910 1858 925 1899 a
942 1839 1080 1916 muliere,
1097 1840 1143 1901 oni
1175 1827 1187 1838 ‘

106 1942 134 1983 ru
146 1923 226 1984 uelut
240 1922 361 1984 oraculo
375 1922 592 2002 adquiescebat,
609 1925 650 1984 ita
668 1924 779 1984 demum
797 1925 917 1985 firmiter
934 1942 969 1984 ac
985 1922 1143 1983 diutissime

145 2011 365 2086 imperaturum,
389 2009 414 2066 si
437 2016 589 2087 superstes
612 2008 725 2088 parenti
746 2011 898 2069 extitisset.
943 2006 1002 2067 Alii
1030 2006 1144 2066 tradunt

145 2093 239 2172 ipsam
261 2091 358 2151 taedio
381 2092 575 2170 praesentium
595 2101 624 2151 et
644 2092 848 2152 imminentium
867 2101 944 2152 metu
965 2108 1143 2151 venenuma

146 2177 207 2237 lilio
224 2176 409 2255 impetrasse,
427 2175 502 2236 haud
517 2194 586 2236 sane
604 2176 768 2237 dilliculter.
1148 2184 1153 2193 “

207 2259 320 2320 Octavo
335 2260 447 2339 imperii
463 2277 564 2319 mense
580 2261 765 2322 desciuerunt
780 2261 816 2321 ab
839 2278 875 2322 eo
898 2261 1046 2321 exercitus
1062 2259 1185 2324 illue-15

112 2371 137 2412 ss
149 2347 255 2407 siarum
275 2353 362 2423 atque
383 2343 565 2422 Pannoniae,
590 2347 657 2404 item
681 2364 718 2406 ex
740 2347 936 2405 transmarinis
958 2344 1092 2405 luduicus
1115 2351 1145 2401 et

147 2430 319 2505 Syriaticus,
334 2446 370 2488 ae
388 2445 455 2508 pars
470 2430 499 2487 in
517 2427 645 2488 absentis
660 2445 729 2507 pars
744 2431 772 2487 iu
789 2431 951 2508 praesentis
968 2427 1144 2507 Vespasiani

145 2513 238 2576 uerba
260 2513 397 2573 iurarunt.
450 2511 497 2572 Ad
519 2513 698 2572 retinendum
719 2531 792 2590 ergo
816 2523 979 2574 ceterorum
999 2511 1145 2570 bominum

147 2598 271 2659 studium
285 2615 320 2657 ac
333 2597 475 2672 lavarem,
491 2595 561 2656 nihil
579 2614 637 2656 nou
653 2596 768 2676 publice
787 2597 977 2676 privatimque
999 2595 1079 2655 nullo
1095 2593 1143 2654 ad-

146 2683 238 2762 bibitu
255 2681 343 2742 modo
359 2681 482 2758 largitus
497 2689 552 2739 est.
581 2681 725 2742 Dilectum
743 2699 860 2759 quoque
877 2698 913 2740 ea
929 2679 1100 2741 condicione
1116 2679 1145 2737 in

96 2783 138 2827 ‘ao
148 2767 221 2828 urbe
238 2766 309 2844 egit,
326 2774 357 2824 ut
372 2765 542 2825 uoluntariis
558 2783 616 2824 non
627 2764 714 2824 modo
726 2766 891 2824 missionem
904 2772 971 2843 post
984 2765 1143 2839 victoriam,

148 2851 302 2912 sedetiam
319 2857 524 2909 ueteranorum
539 2851 689 2928 iustaeque
706 2849 824 2909 militiae
846 2848 997 2909 commoda
1020 2847 1143 2927 pollice-

145 2945 236 2998 retur.
268 2934 392 3012 Urgenti
411 2933 516 2992 deinde
531 2942 609 2993 terra
624 2935 753 3012 marique
770 2932 847 2994 boeti
863 2933 931 2993 binc
946 2933 1063 2993 lratrem
1081 2923 1145 2992 eum

146 3020 245 3080 classe
260 3036 296 3080 ac
310 3017 450 3078 tironibus
467 3027 495 3078 ot
514 3017 704 3094 gladiatorum
724 3029 808 3076 mauu
825 3017 978 3097 opposuit,
1001 3015 1068 3075 hinc
1090 3013 1144 3074 Be·

145 3106 310 3164 triaeenses
326 3105 428 3182 copias
443 3111 472 3162 et
486 3101 591 3172 duues;
615 3111 701 3181 atque
722 3101 829 3180 ubique
853 3111 900 3161 aut
923 3108 1075 3179 superatus
1097 3107 1146 3158 aut

109 3185 293 3270 reproditur,
309 3187 431 3248 salutem
446 3187 501 3246 sibi
524 3196 552 3248 et
574 3186 666 3248 milies
687 3189 849 3247 sestertium
873 3205 889 3246 a
910 3185 1012 3245 Flavio
1035 3182 1143 3263 Sabino

147 3273 323 3352 Vespasiani
348 3271 439 3333 fratre
466 3273 594 3350 pepigit;
630 3273 782 3350 statimque
810 3288 862 3352 pro
891 3268 1030 3347 gradibus
1053 3265 1144 3328 Palati

143 3356 223 3438 apud
238 3356 408 3436 frequentes
422 3356 546 3433 milites,
568 3357 674 3417 cedere
691 3375 724 3416 se
740 3357 864 3434 imperio
880 3352 957 3433 quod
978 3352 1083 3411 invitus
1098 3367 1143 3410 re-

145 3443 294 3523 cepisset,
319 3440 483 3521 prolessus,
509 3442 619 3502 cunctis
640 3438 862 3501 reclamantibus
883 3456 944 3498 rem
963 3435 1085 3514 distulit,
1109 3451 1145 3494 ac
