2412 3876
441 195 547 246 nuvae
569 196 760 248 assuerus.
912 223 966 246 ,·
1067 193 1109 254 to

87 354 320 415 commodanon
336 353 452 418 minimo
467 355 606 414 sectantis
620 353 785 416 discrimine
802 355 911 415 similes
927 356 1022 419 aiebat
1040 377 1109 420 csse

87 454 188 500 aureo
204 439 288 499 hamo
305 436 498 516 piscantibus,
516 440 597 498 cuius
609 437 724 519 abrupti
741 439 872 526 damnum
892 439 970 500 nulla
988 452 1108 522 captura

88 526 217 604 pensari
232 531 344 602 posset.
1160 589 1163 594 ,

161 607 349 685 Magistratus
369 614 456 685 atque
477 605 606 667 bonores
633 615 662 667 et
689 618 755 669 ante
781 617 895 686 tempus
918 618 947 669 et
967 611 1153 690 quosdamtti

62 693 167 751 anovi
194 693 313 770 generis
343 698 562 770 perpetuosque
600 695 687 771 oepit.
742 691 928 753 Consulatum
964 697 1106 757 vicesimo

89 778 203 836 aetatis
219 791 293 835 anno
310 777 429 851 invasit,
446 773 569 835 admotis
584 774 731 836 hostiliter
745 776 781 837 ad
804 776 905 838 urbem
929 777 1106 858 legionibus,

1 883 2 906 t
87 863 252 938 missisque
273 861 321 939 qui
342 859 398 919 sibi
419 860 535 918 nomine
560 862 707 920 exercitus
728 859 940 940 deposcerent3
968 881 1031 922 cum
1047 866 1106 943 qui-

1 1015 2 1024 ,
90 945 164 1005 dem
180 952 332 1004 cunctante
348 951 450 1004 senatu
480 940 636 1003 Cornelius
653 947 799 1022 centurio,
822 947 962 1026 princeps
983 948 1107 1026 legatio·

89 1031 159 1106 nis,
176 1030 289 1088 reiecto
304 1027 407 1104 sagulo
427 1026 585 1087 ostendens
602 1027 691 1106 gladii
707 1029 855 1107 capulum,
873 1046 930 1090 non
948 1031 1108 1092 dubitasset

1 1178 2 1182 ,
53 1115 124 1174 roin
140 1114 220 1174 ouria
238 1113 352 1172 dicere:
368 1109 750 1198 malarichpipocpop
761 1111 913 1194 feceritis.
943 1115 1107 1176 Secundum
1134 1113 1141 1208 l

92 1197 278 1258 consulatum
294 1205 364 1275 post
375 1213 482 1256 novem
497 1214 599 1274 annos,
616 1196 730 1257 tertium
743 1215 818 1258 anno
836 1199 991 1261 interiecto
1003 1203 1106 1278 gessit,

93 1285 247 1361 sequentis
267 1297 359 1360 usqne
381 1281 417 1340 ad
438 1279 618 1340 undecimum
641 1283 833 1358 continuavit,
855 1282 1010 1362 multisque
1028 1301 1106 1360 mox,

94 1385 162 1426 oum
183 1365 384 1442 deferrentur,
407 1367 548 1425 recusatis
576 1364 775 1426 duodecimum
801 1384 927 1444 magno,
949 1367 978 1427 id
1000 1377 1045 1428 est
1061 1386 1106 1428 se-

1 1493 2 1498 1
81 1448 273 1530 'ptemdecim
296 1466 450 1525 annorum,
472 1449 627 1510 intervallo
649 1459 679 1510 et
703 1468 803 1510 rursus
826 1454 941 1511 tertium
965 1452 1106 1513 decimum

56 1549 84 1591 15
96 1536 216 1595 biennio
224 1541 292 1613 post
303 1533 379 1593 ultro
392 1535 486 1614 petiit,
501 1541 531 1592 ut
541 1531 573 1594 C.
582 1543 611 1594 et
619 1535 736 1595 Lucium
744 1535 821 1595 lilios
834 1535 1009 1614 amplissimo
1022 1555 1105 1617 prae·

95 1619 173 1680 ditus
190 1619 359 1696 magistratu
373 1636 426 1678 suo
443 1634 585 1697 quemque
608 1621 744 1679 tirocinio
769 1619 929 1680 deduceret
949 1623 979 1680 in
1002 1621 1105 1682 iorum.

1 1779 2 1782 Ἴ
95 1705 232 1780 Quinque
245 1701 358 1764 medios
375 1701 542 1763 consulatus
557 1721 572 1764 a
587 1712 672 1763 sexto
688 1703 724 1764 ad
746 1703 887 1764 decimum
906 1722 1016 1765 annuos
1039 1724 1105 1782 ges-

96 1791 149 1864 sit,
168 1795 286 1846 oeteros
301 1795 349 1846 ant
362 1803 468 1846 nouem
483 1794 531 1847 aut
545 1805 598 1846 sex
614 1795 661 1847 aut
676 1795 812 1864 quattuor
827 1796 874 1847 aut
895 1787 987 1849 tribus
1001 1789 1105 1848 mensi-

96 1871 167 1949 bus,
190 1870 345 1931 secundum
367 1887 439 1931 vero
460 1871 641 1949 paucissimis
667 1870 757 1930 boris.
801 1870 874 1932 Nam
896 1870 942 1931 die
958 1871 1022 1932 llal.
1045 1872 1105 1932 lan.

60 1971 164 2018 cocum
189 1973 272 2016 mane
297 1971 352 2034 pro
378 1953 451 2015 aede
471 1952 627 2033 Capitolini
652 1953 731 2014 lovis
752 1955 897 2034 paululum
921 1955 1012 2016 curuli
1034 1956 1107 2016 sella

91 2038 313 2121 praesedisset,
335 2039 448 2099 honore
466 2038 536 2100 abiit
550 2039 674 2099 suffecto
696 2039 752 2100 alio
768 2040 907 2100 inlocum
924 2058 1013 2101 snum.
1042 2039 1106 2100 Neo

1 2149 2 2166 r
97 2141 200 2186 ornnes
213 2123 341 2201 Romae,
359 2122 411 2184 sed
428 2132 558 2200 quartum
574 2123 753 2184 consulatum
771 2126 799 2182 in
816 2124 904 2203 Asia,
929 2127 1057 2204 quintum
1077 2127 1106 2183 in

96 2207 191 2270 insula
210 2208 312 2286 Samo,
330 2215 464 2268 octavum
482 2215 512 2266 et
529 2225 634 2268 nonum
650 2207 817 2270 Tarracone
832 2210 892 2268 init.

93 2338 95 2342 ,
162 2291 381 2352 Triumuiratum
402 2292 445 2350 rei
470 2308 498 2370 p.
515 2291 734 2352 constituendae
752 2311 806 2370 per
822 2292 923 2354 decem
946 2311 1036 2354 annos
1058 2293 1147 2356 adli

63 2376 282 2443 ministravit:
314 2377 343 2436 in
371 2391 429 2454 quo
457 2375 561 2434 restbit
587 2375 701 2454 quidem
725 2376 888 2455 aliquandiu
911 2377 1036 2454 collegis
1069 2395 1105 2436 ne

99 2480 154 2542 qua
171 2462 256 2520 lieret
280 2459 473 2539 proscriptio,
495 2458 547 2519 sed
572 2460 716 2539 inceptam
730 2469 855 2538 utroque
871 2460 1006 2520 acerbius
1022 2479 1105 2520 exer·

99 2547 166 2606 euit.
203 2543 333 2622 Namque
351 2543 409 2603 illis
425 2544 454 2602 in
467 2543 619 2603 multorum
638 2562 730 2623 saepe
744 2561 898 2622 personam
914 2546 1106 2622 pergratiam

99 2639 128 2690 et
148 2646 255 2710 preces
277 2625 494 2704 exorabilibus,
526 2627 608 2687 solus
628 2645 809 2706 magnopere
833 2629 981 2688 contendit
1000 2647 1037 2687 ne
1060 2629 1106 2687 cui

101 2721 289 2794 parceretur,
306 2712 540 2792 proscripsitque
555 2714 639 2772 etiam
654 2711 687 2772 G.
705 2712 861 2773 Toranium
876 2721 999 2774 tutorem
1013 2731 1105 2788 suum,

66 2796 220 2875 menoclem
242 2797 387 2876 collegam
403 2797 493 2876 patris
516 2799 558 2856 sui
575 2797 677 2856 Octavi
700 2797 728 2854 in
745 2797 901 2858 aedilitate.
940 2797 1038 2858 lunius
1054 2799 1104 2856 Sa-

100 2883 227 2942 turninus
248 2881 305 2941 boe
328 2881 450 2960 amplius
475 2880 577 2958 tradit,
600 2900 663 2941 oum
684 2887 804 2959 peracta
826 2883 1042 2962 proscriptione
1065 2880 1103 2940 Μ.

1 3034 2 3037 ¹
99 2963 222 3046 Lepidus
245 2967 273 3024 in
296 2974 397 3026 senatu
421 2974 592 3026 excusasset
610 2965 767 3044 praeterita
790 2975 819 3026 et
835 2985 917 3045 spem
934 2967 1103 3027 clementiae

1 3079 2 3092 κ
100 3053 298 3130 inposterum
320 3051 458 3127 iecisset,
485 3053 618 3129 quoniam
640 3051 709 3109 satis
729 3048 887 3128 poenarum
910 3061 1042 3111 exactum
1059 3068 1104 3109 es-

28 3167 29 3170 *
102 3143 160 3212 set,
175 3129 283 3195 bnn‘ee
299 3134 416 3194 diverso
432 3135 615 3212 proiessum,
639 3133 685 3194 ito
699 3134 821 3195 modom
837 3153 871 3195 cc
885 3133 1106 3214 proscribendi

0 3265 2 3286 s
68 3217 262 3300 molossicas,
283 3226 318 3280 ot
338 3218 442 3280 omnic
462 3215 525 3278 etti
538 3217 697 3296 reliquerit
713 3217 822 3278 libero.
861 3218 893 3278 ln
910 3221 989 3278 cuius
1009 3227 1105 3277 tamen

2 3292 14 3345 l
103 3297 278 3384 pertinaciae
302 3303 504 3383 paenitentiam
526 3311 628 3380 postea
651 3301 683 3360 T.
706 3303 819 3362 Vinium
836 3303 1103 3379 Philopoemenem,

0 3437 2 3464 ,
105 3385 184 3464 quod
201 3397 352 3468 patronum
379 3405 459 3446 suum
486 3387 683 3464 proscriptum
714 3387 827 3446 celasse
855 3387 922 3446 olim
948 3385 1103 3460 diceretur,

1 3503 2 3536 ;
103 3473 229 3550 equestri
253 3469 393 3550 dignitate
413 3470 576 3530 bonoravit.
616 3468 648 3528 ln
673 3468 774 3529 eadem
797 3468 853 3530 hac
872 3477 1019 3548 potestate
1034 3466 1105 3527 mul·

1 3556 2 3562 '
143 3575 295 3616 euarestus.
876 3555 895 3612 4

382 3720 455 3758 *κω
481 3727 722 3753 «««««««
747 3739 763 3750 ..
785 3737 801 3750 a,
