2408 3870
194 193 243 243 LX
531 191 738 241 PRAEFATIO.

257 351 313 406 luni
334 337 444 406 collatis
467 349 540 406 inter
561 366 592 406 se
613 351 693 408 libris
715 349 807 406 indice
828 352 873 406 vel
895 350 1034 421 praeditis
1055 351 1105 407 vel

195 434 336 491 destitutis
353 434 377 488 si
396 433 458 506 quis
472 433 648 504 inquisierit,
668 435 722 490 utri
746 435 904 491 universam
919 433 1104 506 scriptionem

197 517 306 573 fidelius
322 524 350 573 et
365 517 502 587 integrius
515 517 649 586 referant,
664 519 716 573 hos
732 518 907 588 posteriores
923 515 1017 572 multis
1027 516 1104 574 locls

196 601 321 673 reperiet
334 600 440 673 pariter
454 616 550 657 omnes
565 607 714 672 corruptos
735 603 790 671 ite,
814 607 843 656 ut
857 601 1020 656 necessario
1036 615 1103 656 cor-

195 683 251 754 rigi
274 685 394 740 debeant
419 689 447 739 et
473 685 636 757 plerumque
661 685 770 757 possint
790 701 826 740 ex
851 683 1012 756 prioribus,
1035 684 1105 740 illos

196 783 276 837 vero,
288 766 341 824 etsi
356 783 410 823 uon
427 765 615 839 incorruptos,
631 775 662 824 at.
672 774 726 823 tarn
742 769 876 838 egregios
891 772 1056 838 cognosset,
1073 773 1104 821 ut

196 851 346 906 exalteris
364 851 566 920 certetcorrigi
587 851 696 922 possint
710 866 843 922 nusquam
852 846 911 924 8'¹).=
945 849 1104 919 Distingui-

196 947 255 990 mus
272 934 358 1004 igitur
373 935 428 992 duo
448 933 581 990 librorum
600 950 720 1004 genera,
738 948 853 1006 quorum
873 935 990 1018 ¹alterurn
1006 934 1103 989 indice

196 1019 321 1089 praefixo
336 1017 460 1074 notabile
472 1017 586 1073 codices
597 1017 749 1074 Vaticanos
765 1025 833 1078 1516
847 1024 875 1073 et
892 1021 970 1087 1862,
985 1017 1103 1073 leiden-

197 1117 271 1170 sem,
299 1100 464 1164 audianum,
489 1100 715 1172 Neapolitanum,
742 1109 891 1172 praetcrea
914 1100 1102 1157 Florentinum
1202 1137 1203 1146 t

198 1183 349 1240 editionem
364 1184 556 1255 complectitur
576 1185 712 1255 simulque
728 1183 837 1241 interna
857 1201 905 1240 sua
928 1183 1103 1257 praestantia

104 1339 109 1345 .
198 1268 419 1336 commendetur,
441 1267 556 1322 alterum
576 1267 665 1323 libros
686 1270 832 1324 continens
845 1267 1008 1324 Vaticanum
1021 1271 1104 1337 4498,

196 1351 400 1419 Florentinum,
415 1350 564 1418 Venatum,
580 1350 807 1421 Berolinousem,
822 1351 1008 1420 llarleianum,
1024 1349 1103 1405 Pari-

197 1433 286 1490 sinum
304 1450 364 1489 curn
378 1432 546 1490 editionibus
558 1434 664 1496 lacerta
680 1435 829 1492 chenetn
847 1453 869 1492 a.
887 1439 953 1494 1474
970 1440 998 1488 61
1009 1433 1103 1489 indice

198 1523 276 1574 caret
292 1524 321 1572 ct
342 1517 516 1573 auctoritate.
560 1517 594 1573 Et
613 1518 733 1574 indicem
748 1519 858 1589 quidem
874 1532 925 1590 per
944 1534 974 1574 se
990 1524 1103 1588 specta-

197 1606 253 1658 tum
268 1602 303 1657 ad
317 1600 451 1658 librorum
465 1600 616 1657 honitatem
631 1601 700 1656 nihil
717 1601 822 1672 iacere,
838 1602 997 1658 Florentino
1013 1601 1103 1657 editio

197 1691 226 1740 et
244 1684 395 1740 Vaticanus
412 1685 570 1745 1111664498
592 1684 775 1753 convincunt,
802 1701 918 1756 quorum
938 1685 986 1740 illa
1008 1684 1103 1739 indice

198 1784 297 1824 carens
311 1761 421 1824 meliori
437 1768 570 1824 librorum
585 1767 700 1838 generi,
721 1768 767 1823 hic
782 1769 875 1825 indice
892 1767 1036 1841 praeditus
1051 1766 1103 1822 de-

197 1851 297 1907 teriori
321 1851 506 1921 assignandus
531 1851 590 1906 iuit.
636 1851 692 1907 Sed
718 1851 829 1908 lucilius
855 1855 910 1908 hoc
939 1856 1104 1922 argumento

195 1935 249 1990 titi
279 1935 480 2006 persuadebis,
511 1934 667 1990 deteriores
699 1935 787 1992 libros
822 1950 918 1992 omnes
948 1951 983 1990 ex
1008 1931 1103 2004 aliquo

198 2018 326 2090 exemplo
341 2019 466 2075 melioris
481 2017 595 2088 generis
611 2018 664 2073 iam
680 2019 748 2081 satis
760 2019 924 2092 depravato,
940 2018 1031 2088 qualis
1046 2017 1104 2072 Va-

197 2101 305 2156 ticanus
322 2106 392 2161 4498
407 2108 466 2172 est,
486 2102 558 2157 iacta
572 2101 687 2173 insuper
706 2101 807 2158 iudicis
827 2102 950 2171 iectura,
972 2117 1035 2158 esse
1051 2099 1103 2155 de·

195 2184 312 2240 rivulos.

259 2267 324 2322 lieni
340 2273 370 2320 ut
389 2266 473 2338 paulo
488 2266 651 2338 diligentius
670 2269 804 2340 exemplis
826 2268 1015 2335 illustremus,
1035 2266 1102 2322 lilrri

197 2349 388 2407 Berolioensis
403 2349 566 2406 llarleianus
582 2351 732 2421 Parisinus,
747 2353 868 2422 itemque
884 2350 938 2406 nisi
955 2348 1102 2406 lalloer-

198 2436 305 2491 titanus
323 2438 392 2494 4498
416 2440 442 2490 61
464 2432 655 2504 Florentinus,
675 2442 816 2507 postremo
832 2435 939 2490 Veneta
962 2431 1049 2489 editio
1068 2448 1101 2488 ao

198 2521 359 2591 plerumque
374 2511 525 2592 lncertaae)
543 2519 679 2574 vocabula
700 2519 828 2575 omittunt
841 2519 942 2572 scilicet
962 2535 989 2589 p.
1005 2521 1068 2585 267,
1085 2522 1103 2576 3

200 2608 227 2656 61
244 2607 305 2669 259,
325 2607 373 2664 16;
391 2604 428 2655 ita
444 2619 471 2673 p.
488 2607 549 2670 264,
564 2607 612 2665 2ος
631 2617 662 2656 eo
678 2619 705 2673 p.
721 2608 784 2672 266,
797 2607 847 2666 231
862 2615 933 2672 quae
948 2603 1102 2671 ρ.266,17;

200 2691 330 2754 corrupte
344 2685 482 2754 praebent
500 2702 526 2756 p.
541 2691 602 2754 263,
618 2692 650 2744 15
666 2685 890 2758 supersectam,
909 2688 1104 2752 aspramente

197 2769 278 2835 scire,
295 2773 325 2826 31
342 2765 480 2826 habueras
503 2785 529 2838 p.
547 2773 613 2838 264,
633 2776 668 2828 30
689 2769 809 2824 liberalis
827 2767 974 2840 *antiquum
994 2783 1021 2838 p.
1040 2769 1103 2835 265,

202 2913 398 2925 ...—----

268 2995 313 3058 37)
332 2997 395 3046 Nam
417 3012 442 3061 p.
462 2997 526 3056 271,
547 2997 579 3046 14
594 3001 716 3059 incipere,
741 3000 808 3062 quod
826 2999 895 3049 solus
912 2985 1042 3046 Parisinus
1061 3008 1104 3044 co·

200 3066 251 3114 dex
266 3064 341 3114 habet
358 3078 404 3129 pro
423 3067 448 3114 in
469 3079 557 3127 opere,
585 3065 653 3115 felici
672 3068 828 3120 coniecturae
850 3065 936 3116 deberi
955 3061 1104 3112 Harleianus

200 3142 286 3197 aperte
310 3131 472 3184 demonstrat.
510 3131 614 3183 Obstore
637 3133 737 3184 videtur
759 3135 829 3186 locus
852 3151 877 3200 p.
905 3131 971 3192 270,
1003 3130 1037 3181 26
1060 3130 1103 3179 ubi

199 3201 270 3252 Leid.
291 3199 353 3251 Gud.
373 3201 475 3251 edFlor.
492 3219 508 3250 a
522 3201 549 3252 0.
563 3201 654 3251 habent
666 3217 712 3268 pro
731 3203 762 3252 ab
772 3221 782 3262 ;
801 3203 871 3266 alqui
886 3203 917 3252 de
932 3198 1062 3250 Vaticanis
1079 3193 1110 3247 et¹
1200 3237 1202 3246 ,

199 3269 364 3336 Neapolitano
383 3271 494 3341 nonduin
515 3277 619 3318 constat.

268 3371 312 3438 38)
331 3371 435 3422 Duobus
453 3370 580 3421 codicibus
600 3372 621 3421 is
640 3372 683 3434 qui
704 3375 828 3422 Incertam
850 3369 986 3422 editionem
1005 3369 1105 3434 paravit

197 3454 261 3490 usus
281 3456 336 3490 esse
353 3441 461 3492 videtur.
