2412 3876
241 583 284 666 O.
315 579 556 664 SUETONI
584 566 927 658 TRANQUILLI

100 773 235 874 nu
267 767 498 868 viru
538 703 1070 864 'causacum

480 965 618 1033 LIBER
639 963 685 1027 II.

367 1141 523 1228 rurus¹
542 1134 795 1210 accusans.

512 1329 663 1341 ..--.--

63 1492 76 1540 1
149 1479 269 1541 Gentem
285 1479 433 1540 Octaviam
450 1478 572 1539 Velitris
587 1477 773 1555 praeeipuam
787 1471 857 1532 olim
871 1470 973 1543 luisse,
999 1463 1113 1525 multas

88 1564 244 1626 declarant.
281 1563 353 1624 Nam
368 1572 397 1623 et
414 1564 496 1624 meus
516 1560 708 1623 celeberrima
728 1565 812 1638 parte
830 1554 930 1635 oppidi
950 1553 1006 1612 iam
1028 1550 1089 1630 pri-

88 1649 152 1709 dem
170 1647 305 1708 Octavius
320 1647 479 1707 vocabatur
499 1655 528 1706 et
544 1643 751 1707 ostendebatur
770 1659 820 1702 ara
836 1638 959 1699 Octavio
982 1651 1088 1694 eonse-

23 1799 26 1804 ,
89 1741 183 1809 crata,
207 1733 254 1810 qui
269 1731 348 1790 bello
367 1731 426 1791 dux
441 1732 574 1808 finitimo,
599 1745 663 1789 cum
683 1727 760 1786 iorte
781 1725 866 1786 blarti
884 1740 947 1782 rem
963 1717 1089 1780 divinam

88 1817 217 1892 iaceret,
239 1818 364 1876 nuntiata
378 1825 501 1897 repente
521 1815 614 1875 hostis
634 1812 819 1886 incursione,
842 1803 1006 1868 semicruda
1019 1813 1090 1864 exta

89 1908 170 1978 rapta
196 1899 265 1960 ioco
288 1901 452 1979 prosecuit,
485 1908 572 1978 atque
598 1900 637 1957 ita
657 1893 800 1977 proelium
821 1895 973 1970 ingressus
991 1890 1126 1950 victorio

88 1983 171 2043 redit.
205 1982 362 2043 Decretum
375 1985 460 2043 etiam
480 1982 627 2062 publicum
647 1978 778 2055 extabat,
800 1995 857 2056 quo
880 1973 1039 2036 cavebatur
1059 1980 1091 2031 ut

88 2069 280 2144 inposterum
298 2084 414 2145 quoque
429 2067 513 2126 simili
526 2064 611 2126 modo
628 2073 694 2124 exta
708 2064 791 2125 lllarti
812 2060 1020 2134 redderentur,
1042 2075 1089 2116 re·

66 2149 254 2227 aliquiaeque
283 2150 318 2208 ad
343 2150 481 2228 Octavios
510 2151 698 2210 referrentur.
731 2147 775 2208 lla
801 2165 875 2226 gens
896 2147 916 2204 a‘
930 2143 1090 2222 Tarquinio
1204 2211 1205 2216 η

90 2233 191 2292 Prisco
207 2249 280 2308 rege
302 2235 377 2292 inter
397 2235 524 2294 minores
548 2235 644 2310 gentis
667 2230 781 2292 adlecta
800 2233 996 2305 incenatum,
1020 2243 1091 2286 mox

91 2335 107 2376 a
126 2317 230 2376 Serm'o
248 2315 344 2376 Tullio
363 2317 391 2376 in
410 2319 547 2396 patricias
572 2317 717 2390 traducta,
746 2315 927 2394 procedente
955 2321 1090 2391 tempore
1101 2331 1126 2374 1s

91 2399 126 2459 ad
145 2399 262 2477 plebem
275 2420 307 2461 se
327 2401 466 2479 contulit,
488 2419 522 2462 ac
541 2419 640 2461 rursus
662 2418 768 2478 magno
787 2397 942 2460 intervallo
963 2393 1090 2477 per'Di-

90 2501 157 2542 vum
169 2483 271 2543 lulium
288 2488 317 2544 in
331 2488 511 2565 patriciatum
526 2485 610 2546 redit.
633 2485 743 2547 Primus
757 2502 796 2544 ex
813 2484 869 2544 hac
890 2484 1090 2559 magistratum

91 2566 191 2648 populi
217 2568 355 2646 suffragio
378 2571 457 2650 cepit
482 2569 516 2630 G.
534 2569 636 2631 Rufus.
666 2569 695 2629 ls
715 2569 899 2648 quaestorius
922 2565 982 2626 GN.
1003 2573 1034 2624 et
1055 2561 1089 2624 (l.

90 2654 274 2731 procreavit,
307 2653 441 2731 aquibus
474 2654 582 2733 duplex
616 2653 802 2714 Octaviorum
835 2649 942 2713 familia
970 2648 1091 2709 deduxit

92 2733 257 2795 conditione
273 2736 398 2804 diversa.
419 2738 566 2817 Siquidem
578 2737 692 2798 Gnaeus
707 2745 736 2797 et
756 2736 896 2814 deinceps
916 2734 952 2796 ab
968 2751 1004 2793 ee
1020 2731 1088 2792 reli·
1099 2745 1127 2785 2⁰

92 2821 139 2898 qui
156 2836 254 2878 omnes
266 2819 356 2880 iuncti
372 2829 436 2880 sunt
449 2822 610 2883 bonoribus
625 2823 750 2882 summis.
785 2821 825 2880 At
846 2818 879 2880 0.
895 2820 1015 2897 eiusque
1036 2833 1090 2895 po·

92 2905 178 2980 steri,
202 2921 254 2963 seu
282 2903 398 2965 fortuna
415 2925 467 2966 seu
497 2907 661 2984 voluntate,
683 2909 712 2966 in
739 2905 867 2983 equestri
896 2901 998 2964 ordine
1020 2917 1089 2960 eou-

92 2988 225 3047 stiteruut
251 2988 392 3066 usquead
427 2990 551 3068 Augusti
579 3001 699 3070 patrem.
732 2990 865 3050 Proavus
891 2987 1017 3064 Augusti
1044 3001 1090 3044 se-

93 3069 186 3130 cundo
201 3070 308 3130 Punice
323 3072 403 3134 bello
417 3076 559 3154 stipendia
572 3077 601 3135 in
627 3075 726 3135 Sicilia
740 3074 870 3134 tribunus
886 3072 1006 3132 militum
1018 3068 1092 3129 iecit

91 3151 217 3214 Aemillo
236 3155 317 3234 Papo
341 3159 526 3237 imperatore.
560 3159 642 3238 Avus
668 3157 888 3237 municipalibus
912 3153 1129 3233 magisteriiset

93 3247 245 3300 contentus
258 3239 418 3321 abundante
438 3245 609 3322 patrimonio
622 3243 856 3322 tranquillissime
871 3242 974 3302 senuit.

154 3323 213 3384 Sed
231 3325 305 3386 haee
328 3326 391 3397 alii;
412 3328 476 3406 ipse
496 3326 645 3404 Augustus
666 3327 737 3387 nihil
752 3326 873 3406 amplius
897 3343 981 3404 mam
1001 3341 1090 3403 eque-

92 3407 143 3505 stri
164 3405 269 3470 familia
290 3420 382 3471 ortum
405 3429 438 3471 se
458 3411 559 3471 scribit
573 3421 675 3471 vetere
699 3428 734 3471 ae
751 3410 917 3490 locuplete,
937 3419 965 3469 et
985 3410 1014 3467 in
1034 3424 1091 3486 qua

93 3506 200 3568 primus
223 3503 341 3556 senator
365 3495 448 3576 pater
468 3514 536 3555 suus
552 3496 648 3556 fuerit.
674 3496 710 3557 nt
724 3493 868 3557 Antonius
883 3487 1048 3553 libertinum
1062 3491 1091 3550 ei
