2438 3872
581 209 685 257 meac.
1002 252 1005 258 ,
1077 195 1135 254 179

136 365 253 442 saepius
270 361 390 424 canendi
407 365 526 422 occasio
543 349 656 423 esset'
678 362 762 437 Quod
778 379 841 422 cum
856 359 966 421 tardum
980 359 1136 436 videretur,

136 465 194 508 non
217 448 343 507 cessavit
368 445 522 506 identidem
547 465 580 506 se
607 446 766 524 publicare.
817 445 963 505 Dubitavit
992 446 1075 504 etiam
1102 461 1136 504 an

137 533 257 612 privatis
271 529 447 609 spectaculis
459 532 802 609 operaminterscenicos
813 531 906 604 daret,
922 527 1135 606 quodamprae·
1154 557 1204 596 „rr

137 626 229 675 torum
243 616 405 673 sestertium
422 613 521 673 decies
537 615 688 674 offerente.
734 613 913 691 Tragoedias
933 629 1049 691 quoque
1071 623 1135 672 oan-

115 701 209 758 stavit
226 706 416 777 personatus,
427 697 547 758 heroum
565 697 742 776 deorumque
759 699 826 758 item
842 696 991 758 heroidum
1014 713 1048 756 ao
1070 695 1135 754 dea-

138 800 198 841 rum
223 784 357 861 personis
378 779 492 841 effectis
512 781 547 841 ad
569 781 786 840 similitudinem
801 785 859 841 oris
882 783 923 840 sui
947 789 976 839 et
1001 780 1135 855 feminae,

138 875 224 945 prout
238 883 378 946 quamque
395 864 539 942 diligeret.
569 864 648 924 inter
664 874 763 925 cetera
781 867 906 926 cantavit
921 863 1056 925 Canacen
1072 880 1135 941 par-

139 951 300 1024 turientem,
319 950 443 1016 Oresten
461 949 649 1024 matricidam,
663 948 843 1028 Oedipodem
855 957 1052 1024 excaecatum,
1065 945 1136 1006 lier-

139 1033 232 1093 culem
249 1036 384 1092 insanum.
428 1031 531 1110 Inque
548 1033 731 1092 tabulalama
751 1043 805 1108 est,
830 1033 999 1093 tirunculum
1020 1031 1137 1090 militem

103 1118 262 1197 repositum
278 1116 312 1176 ad
328 1115 486 1178 custodiam
502 1116 604 1192 aditus,
622 1135 685 1176 cum
699 1135 763 1176 eum
779 1119 874 1177 ornari
891 1135 926 1176 ao
943 1117 1043 1174 vinciri
1061 1121 1136 1173 cate-

138 1203 193 1274 nis,
207 1201 280 1259 sicut
292 1209 487 1284 argumentum
500 1199 675 1278 postulabat,
688 1200 811 1276 videret,
825 1202 988 1262 accurrisse
1000 1197 1137 1258 ferendae

140 1287 205 1344 ois
221 1285 322 1361 gratia.
1145 1305 1178 1340 ·...

160 1304 177 1364 p
199 1367 344 1444 Equorum
357 1365 451 1427 studio
466 1367 514 1427 vel
531 1371 687 1448 praecipue
703 1369 739 1428 ab
753 1371 868 1428 ineunte
885 1377 978 1428 aetate
991 1367 1162 1443 llagravit,2

139 1453 334 1532 plurimusque
350 1450 391 1510 illi
407 1468 511 1528 sermo,
535 1470 703 1530 quamquam
722 1460 880 1527 vetaretur,
902 1451 937 1510 de
960 1450 1138 1511 circensibus

105 1544 216 1603 meret:
235 1541 263 1593 et
280 1531 421 1612 quondam
444 1543 562 1596 tractum
584 1538 729 1614 prasinum
752 1538 922 1612 agitatorem
944 1538 1018 1594 inter
1039 1533 1138 1594 eondi-

140 1618 268 1696 scipulos
287 1636 427 1696 quarens,
447 1618 617 1696 obiurgante
639 1620 831 1698 paedagogo,
848 1619 883 1678 de
898 1618 1024 1679 Hectore
1041 1637 1073 1678 se
1095 1617 1137 1677 lo·

140 1704 188 1783 qui
209 1703 359 1761 ementitus
382 1711 436 1760 est.
482 1703 540 1762 Sed
568 1721 631 1763 cum
657 1705 732 1763 inter
758 1705 836 1764 initia
863 1703 975 1783 imperii
1003 1701 1139 1761 eburneis

1 1825 3 1836 ‚
141 1784 287 1866 quadrigis
306 1785 412 1844 cotidie
428 1787 456 1844 in
473 1786 565 1846 abaco
580 1787 707 1864 luderet,
731 1787 766 1848 ad
793 1789 884 1847 omnis
906 1789 991 1847 etiam
1006 1787 1139 1846 minimos

1 1871 2 1874 ’
141 1871 443 1930 circenseseseeessu
456 1870 644 1948 commeabat,
656 1874 747 1950 primo
760 1871 842 1949 clam,
857 1870 959 1931 deinde
993 1890 1008 1929 r
1131 1893 1136 1903 ·

102 1971 131 2014 ro
141 1963 171 2013 ut
187 1953 290 2012 nemini
303 1951 416 2012 dubium
433 1963 521 2030 esset,
539 1973 574 2015 eo
592 1954 637 2014 die
656 1957 753 2034 utique
768 1939 943 2039 alluturums
964 1889 1066 2034 §eque
1082 1954 1138 2013 dis-

1 2087 2 2098 ,
140 2035 290 2097 simulabat
306 2036 382 2096 velle
399 2055 432 2096 se
447 2037 602 2116 palmarum
617 2057 763 2100 numerum
784 2040 935 2118 ampliare;
962 2057 1050 2118 qrrare
1072 2055 1138 2115 spe-

140 2119 281 2182 ctaculum
293 2119 489 2198 multiplicatis
499 2122 632 2182 missibus
645 2124 672 2181 in
684 2141 779 2183 serum
791 2123 1022 2202 protrahebatur,
1039 2141 1075 2182 ne
1087 2122 1139 2182 do-

130 2205 222 2264 minis
243 2203 433 2281 quidem-iam
456 2206 611 2266 laetiomun
633 2205 815 2284 dignantibus
834 2209 889 2268 nisi
911 2207 947 2268 ad
972 2209 1059 2267 totius
1082 2206 1138 2266 diei

141 2306 254 2348 cursum
270 2305 381 2364 greges
405 2287 523 2349 ducere.
566 2291 635 2350 hlox
658 2301 687 2350 et
708 2293 771 2370 ipse
793 2294 925 2368 aurigare
945 2300 1031 2370 atque
1054 2293 1139 2350 etiam

1 2380 2 2398 ²
102 2397 129 2436 ee
141 2373 268 2450 spectari
284 2372 400 2452 saepius
417 2371 517 2450 voluit,
540 2376 696 2454 positoque
718 2379 745 2434 in
764 2375 855 2437 hortis
876 2376 950 2434 inter
969 2375 1086 2434 servitia
1110 2382 1140 2430 et

141 2454 287 2516 sordidam
303 2455 418 2534 plebem
434 2457 604 2536 rudimento,
621 2461 821 2519 universorum
841 2477 873 2518 se
896 2458 988 2518 oculis
1009 2461 1036 2516 in
1058 2459 1138 2516 eireo

140 2539 264 2599 maximo
280 2538 421 2617 praebuit,
438 2541 534 2620 aliquo
551 2543 658 2602 liberto
674 2545 802 2602 mittente
817 2561 951 2621 mappam
963 2541 1038 2602 unde
1049 2542 1137 2618 magi-

92 2693 96 2698 ,
141 2632 247 2684 stratus
275 2622 488 2714 solentsNee
515 2636 667 2686 contentus
695 2625 793 2684 harum
815 2628 916 2686 artium
942 2611 1170 2705 experimentis*

1 2705 11 2776 J
104 2687 406 2785 ‘mmmm
428 2707 584 2785 Achaiam,
609 2720 637 2768 ut
663 2709 799 2787 diximus,
826 2711 912 2790 petit,
934 2710 1000 2770 hinc
1018 2712 1139 2783 maxime

1 2789 20 2804 ⁹
104 2801 252 2851 semotus:
280 2792 461 2852 instituerant
485 2795 633 2870 civitates,
657 2794 731 2873 apud
748 2813 818 2873 quas
838 2797 938 2856 musici
960 2812 1071 2872 agones
1093 2791 1139 2856 edi

1 2892 4 2900 ’
142 2874 248 2949 solent,
266 2892 366 2935 omnes
381 2875 613 2937 citharoedorum
631 2894 756 2937 coronas
772 2879 915 2958 adipsum
930 2881 1052 2942 mittere.
1081 2877 1139 2938 llas

5 3022 11 3030 ,
141 2959 215 3022 adeo
230 2967 315 3034 grate
330 2959 502 3038 recipiebat,
518 2970 547 3019 ut
561 2961 686 3038 legatos,
701 2963 748 3039 qui
765 2963 962 3040 pertulissent,
980 2980 1036 3023 non
1052 2961 1138 3022 modo

2 3074 4 3128 ζ
106 3111 109 3116 Α
142 3043 255 3122 primos¹
267 3039 438 3118 admitteret,
459 3044 511 3104 sed
527 3047 611 3104 etiam
627 3045 813 3106 familiaribus
825 3047 918 3126 epulis
929 3049 1138 3124 interponeret.

9 3186 12 3201 Ι
141 3125 351 3207 munibusdam
367 3145 404 3186 err
419 3128 462 3188 his
477 3137 597 3205 rogatus
618 3136 649 3187 ut
670 3139 798 3190 cantaret
822 3149 909 3208 super
932 3148 1066 3207 caenam,
1090 3147 1138 3187 ex·
1171 3139 1203 3190 «e

2 3206 14 3240 ¹²
105 3237 132 3279 as
142 3207 303 3294 cepissetque
324 3210 452 3288 effusius,
468 3213 554 3274 solos
564 3212 646 3273 scire
659 3213 770 3274 audie
783 3213 932 3290 Graecos,
951 3214 1141 3291 retorquere

142 3291 301 3372 stolattdt‘t'c
313 3295 383 3362 auis¹
393 3293 503 3374 clipeos
515 3299 561 3356 ait.
590 3295 654 3356 Nec
666 3297 850 3377 proiectione
863 3296 959 3373 dilata,
975 3307 1006 3356 ut
1020 3297 1139 3376 primum

143 3377 306 3458 Cassiopen
322 3379 447 3453 traiecit,
465 3381 559 3440 statim
574 3379 610 3440 ad
632 3397 710 3442 aram
729 3381 808 3442 lovis
824 3381 901 3442 Casii
915 3389 1031 3441 eantare
1044 3382 1139 3458 auspi-

143 3463 242 3538 catus,
253 3464 409 3525 certamina
427 3461 566 3544 deinceps
581 3463 652 3526 obiit
668 3467 770 3526 omnia.
814 3464 886 3524 Nam
902 3474 931 3524 et
952 3482 1024 3542 quae
1046 3463 1139 3524 diver·
1148 3471 1182 3525 23

222 3561 224 3566 ’
357 3552 360 3557 ’
407 3559 409 3564 ·
910 3547 979 3608 12*
