2412 3876
118 187 159 248 52
214 199 243 248 c.
260 199 618 261 summasunmna
633 201 717 251 mun
733 200 919 250 onmsnanu
934 204 1004 254 mn.
1021 207 1060 254 11.

117 353 248 415 Arimino
263 363 347 416 tenus
362 355 519 417 munienda
522 355 676 436 ‚reliquas
690 356 911 436 triumphalibus
930 361 1000 420 uiris
1015 378 1054 420 ex
1069 379 1129 424 ma-

115 438 223 498 nubiali
239 441 363 518 pecunia
377 441 549 502 sternendas
566 439 718 501 distribuit

178 522 279 585 Aedos
293 541 393 586 sacras
410 534 554 585 vetustate
572 525 727 604 conlapsas
743 533 792 586 aut
803 525 944 587 incendio
957 527 1204 608 absumptas

38 639 56 686 ι
114 607 220 668 reiecit
238 626 347 688 easque
370 617 401 668 et
422 617 536 670 ceteras
556 609 785 689 opulentissimis
806 609 892 671 donis
906 610 1076 691 adornavit,
1097 609 1154 675 ut*

115 692 205 771 quiin
222 693 326 753 cellam
342 690 507 792 Capitolini
513 692 592 754 Iovis
613 693 742 754 sedecim
755 695 833 755 milia
848 693 947 774 pondo
968 699 1029 757 auri
1045 715 1126 776 genr-
1138 712 1153 752 a

26 823 34 838 u
113 793 232 855 masque
260 795 295 837 ac
322 779 493 855 margaritas
520 778 704 865 quingenties
730 781 858 840 sestertii
885 797 941 840 una
967 781 1128 843 donatione
1203 825 1204 828 ,

20 862 32 903 ι
71 881 104 936 31
114 861 279 922 contulerit
334 861 491 941 Postquam
518 878 590 922 vero
617 862 815 941 pontificatum
839 864 1008 942 maximum,
1040 884 1128 945 quem
1203 903 1204 936 3

6 993 25 1012 ,Α
112 963 265 1044 numquam
284 948 353 1006 vivo
373 946 485 1025 Lepido
512 945 628 1006 aniene
651 947 843 1026 sustinuerat,
872 959 986 1010 mortuo
1013 948 1128 1010 demum

20 1027 23 1033 ⁴
112 1031 259 1129 suscepit,
276 1029 413 1109 quidquid
429 1030 613 1091 fatidicorum
627 1031 767 1092 librorum
782 1031 889 1094 Graeci
906 1033 1059 1113 Latinique
1074 1052 1126 1113 ge·

18 1119 24 1143 *
112 1115 191 1174 neris
215 1113 301 1174 nullis
325 1114 373 1173 vel
393 1132 493 1193 parum
519 1113 632 1175 idoneis
657 1115 826 1176 auctoribus
851 1117 943 1194 vulgo
964 1117 1162 1197 ferebatur,1o

112 1216 201 1276 supra
213 1197 270 1258 duo
286 1197 362 1258 milia
380 1207 529 1260 contractu
544 1199 669 1278 undique
684 1201 825 1260 cremavit
844 1219 879 1260 ao
902 1201 985 1261 solos
1007 1205 1128 1263 retinuit

112 1280 291 1359 Sibyllinos,
316 1281 371 1341 bos
394 1300 509 1362 quoque
532 1281 640 1343 dilectu
660 1282 775 1354 bubito;
801 1283 988 1365 condiditque
1012 1286 1126 1348 duobus

111 1366 214 1426 iorulis
237 1368 344 1426 auratis
369 1367 422 1425 sub
442 1367 564 1427 Palatini
589 1367 738 1447 Apollinis
761 1368 835 1429 basi.
875 1369 989 1430 Annum
1011 1389 1027 1430 a
1048 1370 1125 1432 Diuo

110 1450 184 1512 lulio
207 1450 382 1528 ordinatum,
405 1451 457 1511 sed
480 1460 585 1529 postea
606 1451 797 1530 neglegentia
818 1453 1021 1514 conturbatum
1036 1464 1126 1534 atque

112 1535 278 1613 confusum,
296 1553 396 1595 rursus
412 1535 447 1596 ad
464 1537 613 1616 pristinam
626 1539 770 1598 rationem
785 1536 917 1614 redegit3
935 1538 964 1596 in
981 1539 1063 1598 cuius
1079 1556 1125 1599 or·
1136 1558 1160 1600 rs

111 1620 257 1680 dinatione
284 1619 425 1680 Sextilem
448 1637 577 1680 mensem
605 1639 622 1680 e
653 1638 706 1681 suo
732 1624 908 1698 cognomine
936 1625 1125 1702 nuncupavit,
1203 1675 1204 1684 ,

109 1706 204 1782 magis
226 1722 309 1783 quam
330 1703 533 1784 Septembrem
557 1722 614 1783 quo
637 1713 700 1766 crat
720 1715 819 1783 natus,
844 1705 920 1784 quod
940 1705 1000 1766 boc
1023 1706 1079 1767 sibi
1096 1715 1127 1766 et

110 1792 219 1870 primus
239 1787 406 1849 consulatus
430 1797 459 1848 et
480 1791 612 1866 insignes
633 1791 775 1850 victoriae
797 1791 983 1868 optigisscnt.
1018 1791 1125 1851 Sacer-

108 1873 208 1934 dotum
225 1881 254 1934 ct
268 1890 416 1933 numerum
433 1882 462 1933 et
474 1873 643 1950 dignitatem
659 1873 712 1933 sed
727 1883 756 1933 et
768 1871 920 1933 commoda
931 1876 1020 1952 auxit,
1038 1891 1125 1954 prae·

110 1959 196 2038 oipue
223 1956 385 2018 Vestalium
413 1959 566 2035 uirginum.
613 1956 743 2036 Cumque
774 1960 804 2016 in
829 1957 999 2018 demortuae
1025 1958 1161 2020 locumao

110 2043 196 2102 aliam
219 2042 285 2120 capi
308 2050 475 2121 oporteret,
498 2041 697 2121 ambirentque
718 2040 798 2102 multi
819 2060 857 2101 ne
872 2041 947 2102 filias
961 2045 990 2102 in
1013 2051 1127 2104 sortem

111 2126 226 2201 darent,
249 2123 404 2202 adiuravit,
431 2127 455 2186 si
476 2127 643 2205 cuiusquam
659 2125 787 2204 neptium
811 2143 924 2186 suarum
940 2135 1128 2205 competeret

111 2219 209 2297 aetas,
226 2207 388 2269 oblaturum
403 2229 436 2270 se
450 2210 540 2270 luisse
557 2228 629 2270 eam
663 2209 809 2270 Nonnulla
832 2209 918 2270 etiarn
940 2227 978 2270 cx
1000 2210 1126 2289 antiquis

111 2293 284 2355 caerimonis
311 2294 447 2374 paulatim
472 2292 581 2354 abolita
604 2295 745 2371 restituit,
773 2302 804 2354 ut
824 2293 932 2354 Salutis
960 2294 1125 2372 augurium,

108 2379 192 2440 Diale
209 2376 372 2456 flaminium,
389 2395 502 2439 sacrum
515 2377 686 2478 Lupeqcale,
702 2340 789 2439 ludos
805 2377 980 2438 Saeculares
996 2387 1026 2438 et
1038 2375 1125 2438 Gom·
1114 2399 1160 2442 -ιι

110 2463 267 2544 pitaiieios.
299 2462 508 2542 Lupercalibus
530 2455 621 2522 vetuit
642 2481 761 2523 currere
788 2461 942 2539 inberbes,
963 2463 1032 2522 item
1053 2462 1126 2522 Sae-

110 2547 257 2609 cularibus
278 2547 382 2608 ludis
373 2565 494 2607 iuuenes
504 2549 666 2626 utriusque
690 2565 779 2608 sexus
801 2543 950 2626 probibuit
965 2546 1054 2606 ullurn
1071 2563 1126 2606 no-

110 2642 241 2692 cturnum
257 2632 457 2712 spectaculum
470 2631 701 2710 frequentare
673 2631 728 2692 nusi
741 2649 805 2691 cum
818 2631 914 2710 aliquo
929 2631 1041 2691 maiore
1056 2639 1126 2692 natu

110 2716 350 2796 propinquorum.
388 2715 567 2796 Compitales
588 2716 679 2777 Lares
703 2715 801 2776 ornari
822 2714 867 2775 bis
890 2732 966 2775 anno
990 2715 1124 2792 institnit,

110 2799 208 2861 vernis
224 2798 345 2860 lloribus
362 2809 391 2860 et
405 2802 532 2862 aestivis.
1135 2815 1162 2857 ao

91 2935 95 2945 .
175 2883 340 2945 Proximum
356 2904 372 2945 a
388 2884 431 2945 dis
449 2884 656 2946 immortalibus
676 2884 818 2946 bonorem
839 2884 998 2944 memoriae
1019 2883 1126 2943 dueum
1202 2885 1204 2890 '

110 2969 269 3049 praestitit,
287 2971 334 3048 qni
349 2971 498 3049 imperium
519 2969 550 3030 P.
570 2969 605 3030 R.
622 2987 661 3028 ex
677 2967 792 3028 minimo
808 2968 962 3028 maximum
982 2966 1125 3028 reddidis-

111 3061 186 3114 sent
219 3051 319 3132 ltaque
335 3062 364 3113 et
379 3071 470 3134 opera
487 3057 625 3133 cuiusque
640 3041 821 3113 manentibus
841 3049 931 3112 titulis
947 3053 1074 3112 restituit
1096 3059 1128 3126 et
1203 3109 1204 3118 ,

111 3145 221 3199 statuas
244 3140 367 3198 omnium
384 3139 548 3218 triumphali
563 3137 690 3215 siligio
680 3156 710 3197 ru
726 3147 848 3217 utraque
865 3136 923 3198 lori
947 3138 990 3196 sui
1007 3131 1127 3216 porticu
1202 3171 1204 3230 3

111 3222 272 3301 dedicavit,
296 3223 448 3303 proiessus
470 3223 567 3283 edicto
591 3227 788 3283 commeatum
808 3220 843 3281 id
864 3238 915 3295 se,
933 3227 968 3282 at
987 3219 1032 3281 od
1052 3217 1123 3294 illo·
1136 3239 1204 3284 aa·

110 3326 179 3369 ram
201 3306 283 3369 octat
307 3307 469 3386 exemplar
495 3314 525 3368 et
544 3306 628 3385 ipse,
657 3306 729 3367 dom
751 3306 885 3381 ciceret,
910 3311 940 3366 et
962 3322 1129 3385 maequen-

112 3391 184 3451 tium
212 3392 359 3454 amatium
382 3391 541 3471 principes
568 3391 764 3471 σωιςισιιιιιιιν
790 3408 812 3451 o
832 3387 961 3452 civibus.
1001 3387 1126 3471 Pompei
1202 3439 1204 3466 ,

112 3492 227 3554 quoque
245 3485 373 3546 ¹statuam
401 3484 501 3539 contra
521 3474 627 3536 theatri
648 3478 709 3538 eius
731 3477 842 3553 regiam
864 3491 1028 3534 marmoreo
1050 3471 1125 3538 lano
1202 3471 1204 3484 ¹
