2438 3872
139 219 200 282 ‘258
389 232 627 283 c.suunou1ns
647 235 888 294 uasuousnuus

139 388 313 451 Archelaum
334 387 490 467 Pompeius
511 388 659 467 Lenaeus,
688 390 762 469 apud
782 389 977 450 Philocomum
998 391 1134 452 Valerius
1203 415 1205 418 ·

141 473 214 535 Cato
231 471 408 551 praedicant.

201 557 400 616 instruxerunt
417 567 614 635 auxeruntque
630 556 665 617 ab
683 561 758 618 omni
773 568 856 637 parte
872 547 1086 635 grammaticam
1102 559 1133 623 L.

139 640 415 702 AeliusLanuvinus
426 658 577 740 generque
589 640 667 700 Aelii
679 641 743 700 Ser.
757 641 876 702 Clodius
884 651 1025 722 ‚uterque
1043 660 1135 721 eques

111 727 194 788 atto.
212 724 349 804 multique
369 725 487 785 aerarii
506 735 535 784 et
552 726 579 784 in
592 722 722 784 doctrina
741 728 796 786 et
788 745 816 785 m
832 745 865 786 re
884 744 1004 806 pasus.
1032 727 1156 790 Aeliuss

142 811 315 888 cognomine
333 808 440 888 duplici
455 809 520 878 fuit;
540 827 603 870 nam
620 817 649 868 et
660 809 863 887 Praeconinus,
883 811 960 889 quod
972 820 1055 890 pater
1073 812 1135 870 eius

142 895 328 975 praeconium
339 893 465 969 iecerat,
479 892 652 970 vocabatur,
665 903 694 953 et
705 894 794 972 Stilo,
808 894 885 973 quod
896 896 1041 956 orationes
1053 895 1135 955 nobi·

141 981 251 1040 lissimo
268 979 371 1057 cnique
390 977 519 1036 scribere
535 977 663 1048 solebat;
678 986 772 1038 tantus
788 980 962 1057 optimatium
978 980 1091 1056 fautor,
1106 986 1137 1038 ut

142 1063 288 1125 bietellum
305 1060 486 1121 Numidicum
507 1063 667 1122 inexilium
690 1065 840 1122 comitatus
855 1063 900 1122 sit.
916 1064 1049 1140 Servius,
1072 1081 1136 1122 cum

141 1151 244 1210 librum
261 1146 358 1208 soceri
374 1145 498 1208 noudum
510 1146 615 1207 editum
629 1146 730 1206 fraude
741 1147 961 1226 intercepisset,
980 1156 1009 1206 et
1023 1147 1061 1207 ob
1079 1145 1168 1210 honlo

139 1234 307 1312 repudiatus
322 1230 434 1310 pudore
447 1249 482 1292 ac
496 1228 592 1292 taedio
605 1232 780 1291 secessisset
792 1231 826 1290 ab
838 1231 927 1308 urbe,
944 1233 973 1291 in
985 1231 1136 1311 podagrae

139 1317 270 1378 morbum
287 1315 403 1384 incidit;
427 1318 507 1376 cuius
521 1317 672 1394 impatiens
689 1332 803 1375 veneno
819 1314 873 1374 sibi
890 1317 1023 1395 perunxit
1043 1315 1137 1394 pedes

140 1410 169 1461 ct
184 1401 299 1461 enecuit
312 1401 367 1475 ita,
383 1408 413 1458 ut
425 1408 507 1478 parte
522 1417 556 1458 ea
570 1400 705 1476 corporis
718 1399 799 1476 qnasi
815 1409 997 1476 praemortua
1011 1400 1135 1458 viveret.

201 1483 327 1544 Posthac
350 1484 442 1560 magis
459 1501 493 1542 ao
510 1484 602 1560 magis
626 1491 654 1542 et
669 1484 761 1560 gratia
783 1491 811 1541 et
833 1501 901 1542 cnra
917 1485 986 1542 artis
1002 1483 1137 1558 increvit,

142 1579 170 1629 ut
184 1587 221 1628 ne
235 1566 385 1628 clarissimi
401 1566 515 1644 quidem
530 1568 583 1626 riri
597 1565 783 1626 abstinuerint
798 1567 958 1646 quominus
974 1576 1003 1627 et
1017 1567 1072 1646 ipsi
1085 1565 1135 1626 ali·
1148 1583 1173 1625 ru

141 1651 208 1732 quid
231 1651 265 1711 de
288 1669 322 1710 ea
344 1650 522 1728 scriberent,
547 1658 634 1728 utque
655 1649 833 1728 temporibus
856 1650 1024 1730 quibusdam
1048 1667 1138 1729 super

140 1737 241 1814 viginti
257 1735 392 1794 celebres
408 1734 527 1793 scholae
543 1735 634 1794 fuisse
646 1735 673 1792 in
690 1733 760 1794 urbe
775 1734 935 1803 tradantur:
954 1735 1047 1814 pretia
1063 1749 1137 1814 vero

141 1817 392 1898 grammaticorum
413 1827 488 1878 tanta
511 1817 720 1897 mercedesque
740 1827 797 1876 tam
816 1837 951 1896 magnae,
973 1827 1003 1878 ut
1023 1815 1139 1878 constet

140 1905 278 1965 Lutatium
292 1901 490 1982 Daphnidem,
517 1920 600 1980 quem
615 1901 738 1962 Laevius
750 1902 885 1962 Melissus
901 1920 955 1980 per
978 1903 1138 1962 cavillatio-

140 2007 206 2049 nem
218 1989 339 2047 nominis
352 1987 447 2046 Panos
462 2005 577 2064 agasma
590 1985 673 2063 dicit,
688 1985 774 2046 DCC.
787 1985 901 2046 milibus
915 2004 1054 2046 nummum
1067 2004 1083 2046 a
1099 1985 1136 2059 Q.
1148 2004 1174 2044 ao

142 2071 245 2132 Catulo
262 2079 387 2149 emptum
403 2088 437 2130 ac
455 2071 537 2130 brevi
549 2071 766 2146 manumissum,
782 2068 812 2129 L.
825 2069 978 2148 Apuleium
993 2069 1029 2130 ab
1042 2069 1138 2128 Elicio

91 2222 93 2226 ,
143 2155 263 2216 Calvino
282 2157 379 2231 equite
390 2155 520 2214 Romano
533 2153 693 2232 praedivite
710 2153 913 2232 quadringenis
926 2155 1024 2214 annuis
1044 2153 1139 2213 *oon-

142 2241 244 2300 duotos
260 2238 365 2296 multos
382 2237 528 2298 edoceret.
555 2237 628 2298 Nam
644 2239 671 2296 in
687 2239 853 2316 provincias
864 2255 980 2316 quoqne
996 2254 1139 2314 gramma-

141 2326 198 2384 tica
216 2330 436 2400 penetraverat,
455 2341 489 2382 ac
506 2321 634 2384 nonnulii
647 2321 682 2381 de
699 2322 856 2381 notissimis
872 2321 1040 2382 doctoribus
1052 2339 1139 2401 pere-

142 2426 195 2486 gre
218 2406 392 2482 docuerunt,
418 2409 541 2466 maxime
561 2407 589 2465 in
606 2405 697 2466 Gallia
720 2405 847 2482 Togata;
871 2407 946 2464 iuter
961 2423 1035 2484 quos
1052 2405 1176 2464 Octa-aa

141 2495 204 2551 vius
217 2487 331 2551 Teucer
349 2489 566 2549 ctPescennius
582 2489 684 2550 laccus
702 2498 730 2548 et
743 2488 854 2568 Oppius
870 2486 994 2558 charam
1012 2489 1060 2549 bic
1077 2489 1140 2567 qui-

142 2577 205 2636 dem
223 2574 258 2634 ad
281 2575 407 2634 ultimam
428 2583 568 2650 aetatem,
592 2583 621 2634 et
645 2591 707 2633 cum
736 2575 790 2632 iam
809 2590 866 2633 non
892 2573 1025 2651 ingressu
1051 2573 1140 2633 modo

142 2660 316 2720 deiceretur
331 2658 383 2718 sed
400 2668 429 2717 et
441 2659 515 2718 visu.
849 2700 851 2704 -

118 2759 134 2812 4
204 2743 374 2842 Appellatio
389 2742 641 2819 grammaticorum
655 2740 774 2804 Graeca
787 2741 990 2802 consuetudine
1007 2742 1140 2812 invaluit:

143 2825 214 2888 scd'
206 2827 287 2886 unitio
297 2826 414 2886 litterati
422 2826 609 2888 vocabantur.
629 2823 782 2885 Cornelius
796 2843 911 2905 quoque
920 2825 1022 2904 Nepos
1036 2826 1141 2886 libello
1150 2851 1176 2892 ao

143 2928 200 2991 quo
224 2909 543 2988 distinguitlitteratum
562 2909 597 2968 ab
615 2909 741 2986 erudito,
757 2910 899 2971 litteratos
920 2909 1034 2987 quidem
1049 2911 1141 2988 vulgo

142 2995 285 3074 appellari
307 2996 346 3054 ait
365 3010 417 3052 eos
436 2995 485 3072 qui
501 2993 607 3070 aliquid
626 2993 779 3070 diiigenter
797 3001 826 3052 et
850 3002 932 3067 acute
956 2995 1142 3072 scienterque
1197 3013 1200 3016 ·

143 3080 255 3158 possint
268 3088 315 3137 aut
328 3077 427 3136 dicere
439 3087 485 3136 ant
498 3077 641 3148 scribere,
659 3087 785 3136 ceterum
802 3079 922 3154 proprie
935 3078 977 3136 sic
990 3077 1143 3156 appellan-

143 3162 196 3223 dos
214 3172 365 3239 poetarum
376 3163 569 3238 interpretes,
582 3162 629 3238 qui
640 3179 655 3219 a
670 3159 789 3222 Graecis
801 3161 978 3237 grammatici
990 3162 1141 3221 nominen-

141 3256 195 3306 tur.
209 3245 338 3306 Eosdem
353 3244 530 3303 litteratores
543 3246 688 3306 vocitatos
698 3244 822 3305 Messala
832 3241 1009 3304 Corvinusin
1018 3246 1140 3324 quadarn
1150 3265 1175 3308 as

143 3330 267 3405 epistola
283 3325 423 3402 ostendit,
440 3345 502 3386 nors
514 3345 583 3387 esse
594 3326 656 3387 sibi
671 3327 768 3388 dicens
780 3347 843 3388 reru
854 3347 922 3389 com
937 3327 1032 3390 Furio
1044 3327 1140 3390 Bion

143 3410 224 3486 culo,
240 3429 279 3471 ne
293 3429 361 3473 crum
377 3408 486 3470 Ticida
501 3410 621 3488 quidem
638 3419 692 3471 aot
706 3411 877 3474 litteratore
893 3411 1034 3482 Coloae,·
1051 3414 1140 3491 signi-

142 3492 211 3550 ficat
222 3494 295 3552 enim
308 3493 384 3553 haud
397 3491 482 3552 dubie
494 3492 640 3552 Valerium
654 3492 805 3572 Catonem,
821 3505 937 3575 poetam
949 3495 1032 3555 simul
1046 3513 1139 3573 gram·
