2438 3872
121 202 183 266 234
201 214 231 262 ο.
248 213 703 276 suuuou1uanuo.nuvrra
721 213 905 262 cananeum
922 215 992 262 uro.
1005 216 1082 262 v111.

77 383 112 436 οι
182 369 317 431 Ordinem
333 370 409 429 vitae
425 369 501 430 hunc
518 369 582 429 fere
603 373 704 431 tenuit.
737 370 772 430 lu
796 371 961 450 principatu
981 373 1120 431 maturius

121 472 238 533 semper
253 472 288 515 ac
304 453 341 514 de
357 461 443 513 nocte
459 454 632 529 evigilabat;
649 453 715 514 dein
735 454 876 534 perlectis
900 454 1035 532 epistolis
1052 455 1121 515 ofli-

122 539 288 616 ciorumque
304 538 428 598 omnium
443 536 606 615 breviariis,
626 539 737 612 amicos
753 537 929 616 admittebat,
945 557 980 598 ac
994 536 1060 598 dum
1075 557 1121 599 sa·

120 623 242 699 letatur,
263 631 293 682 et
314 620 457 682 calciabat
476 621 593 699 ipsese
616 631 646 681 et
673 621 843 688 amiciebat;
873 631 999 700 postque
1019 622 1121 683 decisa

121 724 320 787 quaecumque
342 704 530 765 obvenissent
553 707 686 783 negotia,
713 707 869 782 gestationi
891 715 920 765 et
940 705 1005 765 inde
1029 707 1146 784 quietis

120 790 253 868 vacabat,
270 788 431 851 accubante
445 788 541 866 aliqua
557 789 751 868 pallacarum,
774 807 846 869 quas
861 790 890 848 in
906 790 1001 850 locum
1020 789 1119 849 defun-

121 883 186 936 ctae
203 873 338 934 Gaecidis
355 869 493 952 plurimas
517 874 723 943 constituerat;
745 891 763 934 a
784 881 901 934 secreto
924 874 953 932 in
974 871 1120 934 balineum

120 959 331 1036 tricliniumque
347 956 496 1018 transibat.
532 957 596 1017 Nec
610 956 670 1016 ullo
686 965 818 1037 tempore
835 957 949 1017 facilior
964 965 1011 1017 aut
1027 956 1119 1017 indul·

121 1043 238 1120 gentian
253 1041 382 1118 traditur,
399 1058 492 1119 eaque
509 1049 654 1101 momenta
671 1039 824 1101 domestici
839 1040 874 1101 ad
889 1039 998 1118 aliquid
1018 1049 1118 1121 peten-

121 1125 187 1187 dum
202 1142 382 1204 magnopere
399 1123 582 1202 captabant.
1129 1137 1157 1181 ro

75 1213 113 1268 bt
185 1208 222 1270 Et
248 1225 476 1288 superuacuam
502 1218 597 1270 autem
623 1216 653 1268 et
681 1225 799 1286 semper
826 1207 897 1268 alias
929 1208 1119 1307 comissimus,

121 1281 231 1354 multa
223 1309 289 1352 roco
305 1275 499 1367 transigebam
521 1301 583 1354 erat
604 1291 679 1350 enim
700 1291 862 1352 dicacitatis
883 1291 1040 1370 plurimae,
1063 1292 1119 1351 etsi

121 1376 252 1438 scurrilis
267 1385 297 1436 et
312 1373 464 1452 sordidae,
487 1384 569 1435 utne
591 1376 782 1454 praetextatis
799 1375 913 1454 quidem
933 1375 1032 1435 verbis
1052 1373 1119 1436 abs·

120 1463 235 1521 tineret.
274 1459 312 1523 Et
327 1468 422 1520 tamen
437 1458 573 1519 nonnulla
598 1461 660 1519 eius
676 1459 853 1519 facetissima
873 1467 988 1535 extant,
1010 1461 1038 1518 in
1056 1461 1118 1538 qui·

35 1601 38 1606 .
121 1544 174 1605 bus
190 1553 219 1604 et
233 1544 316 1604 baec
345 1543 494 1605 Mestrium
509 1541 625 1603 Florum
639 1542 833 1621 consularem,
846 1541 1005 1604 admonitus
1020 1543 1056 1602 ab
1069 1561 1118 1621 eo,
1129 1559 1159 1604 ιι

91 1685 94 1695 Α
122 1628 400 1708 plaustrapotius
418 1645 501 1706 quam
521 1626 1118 1706 plostradicenda,posterodieFlau·
1210 1649 1211 1696 ι

120 1730 195 1772 ιιιιιι
210 1711 356 1772 salutavit
388 1709 579 1791 Expugnatus
598 1719 691 1772 autem
715 1728 731 1770 a
753 1710 888 1790 quadam,
914 1712 994 1790 quasi
1017 1727 1118 1770 amore
1209 1699 1211 1802 l

121 1813 174 1856 suo
189 1796 353 1875 deperiret,
378 1813 441 1854 cum
463 1794 621 1874 perductae
645 1812 698 1872 pro
722 1794 877 1856 concubitu
899 1796 1032 1854 sestertia
1047 1813 1118 1873 qua
1210 1805 1211 1808 ’

120 1879 272 1958 dringenta
286 1879 433 1955 donasset,
446 1877 618 1940 admonente
630 1879 843 1958 dispensatore,
856 1896 941 1958 quem
953 1878 1118 1939 admodum

121 1981 257 2024 summam
271 1963 430 2036 rationibus
447 1962 538 2023 vellet
554 1962 665 2040 inferri,
687 1959 891 2042 Vespasiano,
909 1963 1015 2041 lnquit,
1034 1961 1116 2022 ada·
1127 1987 1158 2040 aa

76 2053 213 2111 tentato.
242 2031 384 2108 Utebatur
400 2055 429 2106 et
449 2047 582 2106 versibus
598 2045 717 2107 Graecis
739 2048 914 2126 tempestive
935 2047 1004 2106 satis
1027 2054 1056 2106 et
1078 2045 1117 2106 de

121 2129 244 2210 quodam
260 2147 402 2226 procerae
414 2139 539 2191 staturae
552 2129 770 2230 improbiusque
780 2140 864 2192 nato
1027 2148 1029 2152 ’
1127 2139 1133 2153 ·

239 2201 466 2292 μακρόιβιβάς,
485 2209 643 2312 tpadaiaoa
657 2206 868 2292 δολιχόσκιον
889 2212 998 2292 ἔγχος

121 2305 150 2357 et
163 2295 199 2356 de
216 2294 322 2357 Cerulo
334 2296 451 2374 liberto,
471 2299 518 2377 qui
538 2297 619 2357 dives
635 2296 783 2373 admodum
797 2297 834 2358 ob
850 2296 1119 2374 subterfugiendum

121 2369 319 2460 quandoque
311 2399 354 2441 rus
369 2381 454 2442 fisci
446 2399 598 2459 ingenuum
614 2399 647 2442 se
665 2390 694 2442 et
708 2368 863 2442 bacbetem
879 2388 985 2442 mutato
1000 2382 1117 2442 nomine
1127 2404 1156 2447 rs

120 2473 261 2543 coeperat
274 2465 368 2526 ferra:

636 2567 662 2607 ω
650 2529 806 2648 Λάιος,
828 2539 954 2627 Λάιος,

278 2621 362 2692 ἐπὰν
378 2617 570 2712 ἀποθάνῃς,
593 2611 693 2703 nobas
714 2622 791 2706 dfi’
769 2628 870 2712 αρχῆς
885 2631 952 2692 ἔσει

272 2706 437 2794 Kalendae.

119 2797 242 2858 llaxime
256 2806 349 2857 tamen
359 2797 538 2858 dicacitatem
552 2797 735 2860 adfectabat
727 2817 755 2858 ιιι
771 2798 947 2861 deformibus
961 2799 1066 2876 lucris,
1084 2809 1116 2860 ut
1126 2822 1156 2865 ιο

118 2881 251 2940 invidiam
263 2881 356 2960 aliqua
375 2881 557 2942 cavillatione
575 2881 698 2942 dilueret
723 2884 951 2964 transferretque
968 2883 1004 2944 ad
1025 2845 1116 2944 sales.

180 2963 328 3039 Quendam
348 2965 455 3025 ecaris
470 2966 607 3024 ministris
631 2965 874 3045 dispensationem
897 2967 1008 3027 cuidam
1024 2969 1115 3046 quasi

61 2977 103 3122 fs
119 3049 201 3108 fratri
219 3057 365 3128 petentem
382 3067 444 3108 oum
462 3048 621 3109 distulisset
627 3052 750 3149 ,ipsum
764 3049 944 3110 candidatum
959 3051 995 3112 ad
1010 3070 1042 3112 se
1060 3069 1115 3112 vo·

121 3134 211 3200 cavit;
228 3140 388 3210 erectaque
404 3135 543 3210 pecunia,
565 3136 719 3211 quantam
712 3153 735 3194 rs
759 3152 822 3194 oum
845 3135 1037 3213 suffragatore
1059 3153 1113 3196 suo

119 3218 289 3294 pepigerat,
309 3217 370 3275 sine
393 3233 473 3276 mora
496 3215 655 3284 ordinavit:
677 3217 873 3297 interpellanti
892 3237 961 3280 mox
982 3221 1154 3280 ministrans

119 3297 221 3360 Aliam
236 3297 306 3375 tibi,
324 3300 378 3374 ait,
396 3316 511 3378 qaaere
531 3301 685 3376 fratrem·
705 3299 773 3379 bic,
798 3319 886 3381 quam
904 3308 988 3364 taam
1004 3309 1113 3381 putas,

118 3401 203 3443 merce
218 3388 272 3442 ent,
304 3381 484 3442 ΜιιΙῑοοοιιι
476 3401 502 3441 ιιι
518 3383 621 3443 itinere
638 3385 760 3463 quodam
781 3387 943 3485 suspicatus
968 3385 1004 3446 ad
1026 3386 1115 3447 calci-

119 3463 207 3524 audas
223 3463 313 3525 mulas
330 3464 493 3540 desiluisse,
510 3474 540 3524 ut
556 3465 669 3527 adeunti
685 3469 823 3546 litigatori
845 3470 968 3550 spatium
984 3486 1115 3530 moram·
