2438 3872
122 163 186 224 252
210 175 239 224 c.
254 174 404 223 scaroru
417 174 545 234 rnano.
558 175 607 221 nn
617 175 701 221 vrrs
714 173 899 223 csnssaun
910 148 978 223 ιἰιι.
992 176 1072 226 vm.

122 351 179 412 que
192 331 228 392 ad
240 338 328 409 caput
344 328 497 408 quidquam
515 277 641 408 excepto
659 329 782 407 capulo,
805 338 834 389 et
852 339 1006 408 praeterea
1024 331 1126 394 clausa

122 417 216 479 omnia
230 415 416 494 repperisse;
432 421 519 492 atque
530 413 611 474 illum
624 414 738 473 interim
754 421 872 492 arrepto
891 412 1079 494 deductoque
1091 417 1125 477 ad
1171 472 1175 481 .

121 512 228 562 terram
241 497 407 576 Stephano,
420 497 614 558 conluctatum
626 497 689 574 diu,
711 496 776 556 duur
792 497 879 559 modo
898 496 1005 558 ferrum
1026 510 1124 562 extor-

122 603 229 672 quere,
251 581 339 642 modo
359 599 528 661 quamquam
543 581 657 643 laniatis
677 581 775 660 digitis
794 580 898 640 oculos
919 581 1053 644 effodere
1076 601 1125 645 co·

121 679 213 732 natur.
1135 685 1147 724 ι

185 751 308 812 Occisus
323 758 369 810 est
385 749 477 814 Xllll.
498 749 544 809 lil.
563 749 647 810 Oetb.
665 765 741 810 anno
759 752 861 810 aetatis
882 749 1126 828 quadragensimo

122 840 231 917 quinto,
247 835 359 914 imperii
371 837 471 913 quinto
483 833 605 895 decimo.
629 831 799 893 Gadarer’
773 851 850 910 erus,
869 834 1004 932 populari
1022 836 1126 896 sanda·
1179 879 1180 882 ,

122 923 181 1002 pila
193 938 246 999 per
258 917 439 1016 vespillones
456 926 655 996 exportatum,
673 917 783 992 Phyllis
800 919 920 977 nntrix'
911 936 939 976 ιιι
959 917 1127 980 suburbano

121 1003 322 1067 suobatina
294 1021 341 1062 vra
358 1002 517 1071 funerarit;
537 1001 590 1062 sed
608 1001 746 1080 reliquias
761 1001 870 1081 templo
888 999 1007 1062 Flaviae
1027 1006 1128 1081 gentis

122 1090 196 1151 clam
207 1087 300 1154 intulit
305 1085 534 1164 ,cineribusque
545 1086 635 1146 lullae
647 1085 702 1145 Titi
713 1085 800 1162 liliae,
811 1102 894 1164 quam
909 1087 958 1145 et
948 1104 1042 1165 rpsam
1057 1087 1126 1152 edr-
1137 1107 1159 1147 ra

17 1194 28 1208 ··
122 1182 210 1250 curat,
228 1172 408 1232 commiscuit

79 1271 114 1325 18
183 1259 296 1316 Statura
320 1254 372 1314 luit
394 1270 538 1332 procera,
567 1253 647 1313 vultu
666 1252 800 1314 modesto
824 1252 997 1333 ruborisque
1023 1254 1127 1333 pleno,

120 1338 278 1420 grandibus
295 1336 401 1438 oculis,
410 1355 509 1397 verum
520 1338 586 1396 acia
599 1337 767 1406 hebetiore;
787 1345 942 1417 praeterea
953 1336 1079 1417 pulcher
1091 1359 1128 1401 ac
1197 1405 1199 1410 ,

120 1425 241 1500 decens,
255 1423 386 1486 maxime·
393 1421 420 1480 in
436 1424 561 1498 iuventa,
572 1429 602 1480 et
616 1420 729 1500 quidem
740 1429 803 1480 toto
824 1437 969 1498 corpore,
989 1426 1127 1501 ex'ceptis
1199 1473 1200 1524 i

120 1507 260 1608 pedibus,
284 1523 404 1586 quorum
423 1505 531 1583 digitus
551 1507 748 1565 restrictiores
772 1503 912 1573 babebat;
937 1514 1042 1584 postea
1066 1508 1126 1568 cal·
1137 1526 1162 1566 ro

120 1595 190 1653 vitio
204 1609 319 1670 quoque
332 1588 471 1649 deformis
492 1598 521 1647 et
539 1588 681 1649 obesitate
700 1589 810 1649 ventris
828 1598 857 1648 et
875 1605 989 1648 crurum
1006 1591 1127 1667 gracili-

120 1687 190 1751 tate,
203 1693 277 1754 quae
290 1685 383 1735 tamen
396 1677 423 1732 ei
442 1671 597 1733 valitudine
612 1673 701 1752 longa
718 1681 944 1734 remacruerant.
972 1671 1128 1735 Gommen·
1202 1658 1204 1748 ζ

11 1825 13 1832 ,
47 1779 52 1790 ·
121 1761 229 1822 dariae
247 1756 423 1819 verecundia
442 1758 503 1816 oris
522 1756 596 1817 adeo
615 1757 774 1833 sentiebat,
792 1767 821 1816 ut
840 1757 916 1836 apud
934 1766 1065 1817 senatum
1083 1755 1156 1818 sic

121 1843 264 1924 quondam
275 1843 439 1904 iactaverit:
470 1839 573 1919 Usque
594 1839 696 1902 adbuc
716 1847 799 1902 certe
819 1848 847 1901 et
870 1842 1004 1902 animum
1027 1860 1127 1904 mecm

116 1927 280 2008 probastis
294 1933 325 1988 et
337 1925 460 1986 cultum.
496 1923 620 1985 Galvitio
638 1927 677 1986 ita
694 1925 908 2003 offendebatur,
929 1934 960 1986 ut
977 1927 1005 1984 in
1024 1936 1125 1988 contu·
1137 1943 1164 1982 ιι

13 2065 14 2068 ,
119 2011 232 2072 meliam
247 2029 326 2072 suam
338 2009 476 2086 traheret,
489 2010 571 2069 sicui
583 2010 630 2069 alii
642 2011 710 2070 ioco
728 2012 777 2070 rel
795 2011 889 2087 iurgio
903 2009 1124 2081 obiectaretur;

120 2098 250 2176 quamvis
273 2093 391 2169 libello,
413 2111 498 2172 quem
519 2093 562 2153 de
590 2111 675 2154 cura
698 2095 923 2172 capillorum
948 2093 984 2154 ad
1003 2095 1127 2154 amicum

121 2179 305 2256 edidit,l1aec
326 2177 421 2275 qtiam,
438 2177 521 2250 simul
540 2177 619 2276 illum
618 2195 730 2274 seque
742 2175 912 2280 consolans,
930 2178 1102 2239 inseruerit:

238 2249 339 2339 Orix‘
323 2251 471 2342 οράᾳς,ο
454 2243 579 2332 olog'
538 2281 630 2340 καγω
618 2249 745 2333 καλός
759 2281 795 2322 τε
812 2256 914 2342 μέγας
933 2280 988 2336 τις

119 2343 239 2408 Eodem
254 2363 309 2405 me
319 2351 420 2406 lomere
432 2352 557 2406 monent
571 2345 753 2422 capillorum
768 2346 857 2425 fata,
880 2354 909 2406 et
926 2343 1005 2424 forti
1020 2347 1125 2409 animo
1135 2374 1162 2416 m

118 2431 188 2510 fero
205 2447 325 2494 comum
339 2429 372 2490 in
387 2429 600 2490 odolescentia
614 2439 829 2492 senescentem.
862 2430 956 2492 Seios
976 2447 1124 2510 ιιι-Ψα-

78 2516 180 2576 19tios
195 2515 357 2594 quicquum
374 2513 487 2575 decore
505 2529 562 2574 occ
576 2512 709 2574 breuius.
740 2514 862 2575 Laboris
880 2516 1049 2591 impatiens,
1072 2535 1125 2594 pe·

121 2599 203 2660 dibus
218 2617 271 2677 per
282 2599 382 2658 urbem
394 2616 453 2658 non
464 2607 574 2658 temere
586 2596 759 2675 ambulavit,
776 2603 815 2660 in
823 2595 1012 2678 expeditione
1024 2607 1054 2658 et
1072 2617 1125 2676 ag-

25 2751 26 2754 ,
119 2685 195 2743 mine
208 2700 284 2763 equo
296 2685 400 2758 rarius,
413 2683 518 2743 lectiea
530 2683 645 2742 assidue
657 2692 759 2744 rectus
777 2691 831 2748 est
861 2683 1015 2742 Armorum
1029 2683 1124 2759 nullo,

24 2805 25 2808 =
120 2768 289 2843 sagittarum
313 2767 360 2826 vel
384 2767 543 2845 praecipuo
568 2765 663 2826 studio
687 2759 847 2828 tenebalur.
887 2765 1032 2827 centenas
1050 2768 1163 2828 variiso

26 2903 28 2930 ,
120 2851 239 2929 generis
260 2851 340 2910 ieras
358 2869 449 2930 saepe
465 2852 495 2909 in
512 2850 627 2911 Albano
646 2867 768 2911 secessu
786 2845 990 2911 conficientem
1007 2860 1125 2930 specta-

119 2952 190 2995 vere
207 2933 352 3014 plerique,
365 2944 450 3014 atque
462 2938 546 2994 etiam
563 2953 601 2995 ex
618 2932 755 2996 industria
773 2937 813 2996 ita
832 2933 1008 3016 quarundam
1028 2937 1126 3015 capita

28 3019 31 3080 l
120 3020 267 3096 figentem,
285 3027 316 3078 ut
327 3016 439 3078 duobus
456 3019 560 3077 ictibus
578 3021 658 3098 quasi
675 3037 782 3079 cornua
801 3019 943 3087 ellroeret
977 3018 1126 3080 Nonnum-

29 3083 33 3144 l
120 3121 203 3182 quam
216 3102 244 3160 iu
263 3105 345 3181 pueri
364 3102 466 3181 procul
488 3103 588 3162 stantis
605 3097 833 3181 praebentisque
849 3119 903 3182 pro
922 3104 1046 3182 scopulo
1063 3103 1125 3164 dis·

121 3204 238 3265 pausam
250 3185 389 3247 dexterae
400 3203 499 3246 manus
514 3186 647 3264 palmam,
661 3189 781 3263 sagittas
792 3194 945 3248 tantaarte
958 3187 1080 3289 direxit,
1093 3196 1125 3248 ut
1135 3215 1159 3256 ιι

121 3287 288 3355 omnesper
299 3270 452 3330 intervalla
468 3269 642 3368 digitpr'um
635 3287 758 3332 rnnocue
771 3270 985 3332 evaderent.

76 3357 146 3409 20
177 3339 322 3413 Libera'lffi
333 3354 445 3413 studia'
437 3353 550 3431 imperii
563 3354 643 3413 initio
662 3354 811 3454 neglexit,
827 3354 1017 3440 quamquam
1011 3313 1123 3415 biblio-

118 3433 219 3494 thecas
238 3433 377 3495 incendio
391 3435 585 3514 absumptas
576 3439 790 3517 impensissime
812 3455 952 3516 reparare
978 3446 1122 3517 curasset,
