2416 3876
114 195 175 260 306
382 206 412 256 c.
437 207 600 257 soenorum
619 209 835 268 namuurum

174 340 325 441 hieropes]
344 361 490 438 galbeoli,
505 371 536 420 nt
553 372 634 442 putat
655 363 848 441 Tranquillus.
878 362 939 423 ldae
960 364 1114 441 genitores

114 462 183 506 enos
198 445 358 506 recondunt
378 448 434 504 iam
452 463 539 505 senes
555 455 586 506 et
600 447 681 505 alere
699 446 831 506 dicuntur
849 447 880 505 in
898 447 1113 509 similitudinem

111 530 237 608 ripariae
262 530 340 602 avie,
370 546 444 606 quae
465 529 494 587 in
515 547 606 607 speon
626 531 707 608 ripae
727 529 870 604 nidificat,
891 540 922 589 nt
938 532 967 589 in
981 530 1058 591 libro
1072 529 1111 592 Χ

113 612 284 673 ostenditur.
314 610 443 672 Scholia
468 609 642 674 Ber-ammio
662 614 707 673 od
729 611 817 692 Verq.
834 613 944 693 Georq.
962 624 1046 689 414
1060 613 1111 675 eri.

112 695 233 758 Miller.
249 692 291 774 cs.
306 693 426 755 Plinium
438 701 502 756 aot.
519 694 589 757 hiet.
605 705 643 757 30
653 705 680 765 §-
697 705 745 756 33.
1121 717 1135 759 r

174 780 329 839 Suetonius
344 775 526 856 Tranquillus
539 778 610 838 dicit
634 779 836 858 Parthenopen
858 781 989 840 Sirenem
1008 781 1112 858 sepul·

112 873 168 924 tam
188 864 216 922 in
240 860 415 940 Campaniae
436 862 536 938 litore,
562 880 578 921 a
601 864 682 922 enias
697 865 810 923 nomine
831 863 973 941 Neapolis
990 864 1111 923 Parthe-

111 963 189 1026 nope
214 946 341 1006 vocitata
362 944 549 1006 existimatur.
596 945 725 1008 Scholia
746 944 920 1007 Beraeueio
946 946 991 1007 od
1018 945 1111 1026 Verp.

112 1030 221 1110 Georp.
240 1038 269 1105 4,
287 1037 348 1090 564
363 1028 411 1090 ed.
428 1027 550 1090 Miller.

174 1111 330 1187 Corycium
349 1113 461 1191 senem]
484 1130 538 1191 per
558 1113 705 1172 transitum
726 1114 816 1190 tangit
836 1113 984 1173 historiam
1000 1131 1146 1182 memo-10

110 1207 200 1257 ratam
218 1214 234 1254 a
255 1194 406 1254 Suetonio.
448 1195 605 1272 Pompeius
630 1197 703 1255 enim
729 1197 815 1255 vietis
839 1198 941 1274 piratis
967 1194 1113 1257 Cilicibus

109 1281 211 1360 partim
226 1280 257 1336 in
272 1275 384 1353 Cilicia,
401 1278 503 1355 partim
520 1279 548 1338 in
563 1275 694 1354 Graecia,
710 1281 813 1358 partim
827 1281 856 1338 in
870 1277 1005 1340 Calabria
1020 1298 1113 1358 agros

110 1363 197 1424 dedit.
227 1358 356 1422 serator
370 1359 414 1421 od
433 1358 776 1442 Ver9.Grorp.r,12a

170 1444 263 1506 Homo
282 1443 403 1504 rebellis
424 1445 544 1521 dieitur,
562 1464 610 1506 ras
634 1447 697 1524 ipsa
711 1445 853 1521 rebellio,
868 1463 927 1505 non
942 1446 1110 1516 rebellatio.

110 1531 159 1590 Sic
175 1529 341 1589 Suetonius.
369 1526 497 1590 Servios
511 1527 555 1589 cd
569 1527 655 1607 Verp.
672 1526 748 1589 Arra.
767 1537 813 1605 12,
835 1537 902 1590 185.
1120 1560 1146 1602 15

173 1613 305 1689 Scriptor
318 1610 469 1690 librarius]
498 1611 670 1690 bibliopola,
685 1613 726 1675 uti
740 1620 858 1672 veteres
873 1612 1017 1692 dicebant,
1031 1613 1111 1691 qnod

110 1704 140 1756 et
154 1693 340 1773 Tranquillus
353 1693 483 1757 aihrmat.
515 1693 644 1758 Scholia
659 1694 703 1756 od
714 1693 841 1757 Horatii
855 1702 953 1758 oriem
964 1715 1018 1776 po.
1039 1705 1110 1758 354.

171 1795 290 1855 Emeriti
305 1811 373 1873 pare
387 1794 484 1854 ultima
498 1793 581 1872 iuris}
602 1792 745 1870 signifieat
762 1793 960 1876 congloriales
976 1793 1061 1868 dies,
1081 1801 1112 1851 nt

109 1881 149 1940 ait
170 1880 342 1954 Suetonius,
360 1879 389 1936 in
411 1877 513 1957 quibus
530 1876 608 1957 quod
627 1884 693 1935 ante
707 1877 897 1936 intermissum
913 1877 1008 1936 iuerat
1021 1894 1111 1952 gare·

109 1962 203 2023 batur.
233 1961 362 2024 Sebolio
376 1958 590 2022 odLrtcooum
605 1969 633 2034 5,
653 1967 671 2019 7
684 1959 732 2018 ed.
754 1957 872 2020 Weber.
1119 1967 1144 2008 ²⁰

171 2063 253 2123 Ponti
268 2061 366 2141 belua]
386 2060 566 2127 crocodilus:
587 2062 664 2120 oanis
683 2060 847 2139 Aegyptius
867 2058 1009 2121 lambitat
1024 2058 1109 2136 fugit.

108 2147 185 2207 Dicit
202 2146 366 2204 Suetonius.
398 2143 526 2205 Scholia
551 2144 596 2204 od
615 2141 774 2204 mochum
797 2151 826 2219 8,
843 2149 904 2206 764
920 2141 966 2203 ed.
986 2138 1109 2202 Weber.

109 2229 149 2308 cf.
158 2226 322 2289 Phaedrus
332 2225 400 2305 lob.
409 2237 434 2304 1,
448 2236 496 2288 25.
800 2263 802 2273 ‚

170 2324 308 2386 inchoavi
323 2323 359 2383 ab
374 2324 494 2403 inchoo]
512 2323 561 2383 Sic
575 2323 725 2383 dicendum
744 2331 823 2402 putat
843 2322 932 2383 Iulius
945 2321 1109 2400 Modestus,

109 2412 174 2489 qnia
196 2411 233 2468 sit
255 2410 445 2487 compositum
466 2427 481 2468 a
506 2405 603 2483 chao,
623 2407 702 2466 initio
730 2424 835 2466 rerum.
872 2408 912 2466 At
934 2406 1056 2466 Verrius
1079 2414 1145 2465 etat

107 2494 231 2554 Flaccus
255 2492 283 2551 in
304 2501 451 2570 postrema
473 2489 586 2566 syllaba
611 2490 792 2569 aspirandum
814 2489 1028 2568 probaverunt;
1057 2505 1109 2548 eo·

107 2578 172 2638 hum
194 2578 268 2636 enim
289 2574 366 2654 apud
384 2583 501 2634 veteres
515 2573 647 2633 mnndum
661 2569 820 2651 significat,
844 2573 911 2632 inde
926 2582 1048 2634 tractum
1065 2575 1109 2632 in·
1192 2630 1197 2640 ,

108 2661 226 2722 cubare.
263 2657 446 2737 Tranquillus
468 2674 584 2736 quoque
604 2657 649 2716 his
670 2657 835 2716 adsentiens
851 2656 954 2718 libello
973 2673 1027 2716 eno
1043 2655 1109 2734 ple·

107 2744 224 2804 nissime
241 2741 343 2803 aedem
356 2742 517 2802 incohatam
531 2741 570 2800 ita
586 2739 731 2800 disseruit.
759 2738 925 2810 Diomedes
937 2758 969 2818 p.
978 2747 1037 2802 362
1050 2738 1087 2799 P.

177 2840 234 2891 Non
252 2839 307 2889 eine
327 2839 430 2892 fastidio
449 2854 479 2890 ae
497 2839 579 2890 solum
595 2845 699 2905 propter
715 2839 843 2889 raritatem
855 2837 1030 2904 exemplorum
1047 2838 1110 2888 anb-
1118 2838 1145 2880 ³⁰

107 2911 238 2962 iunximus
249 2907 348 2958 misella
360 2915 490 2974 excerpta,
510 2921 574 2971 qnae
587 2906 793 2972 splendidissima
804 2905 963 2958 Palaemonis
982 2913 1010 2956 et
1026 2905 1110 2956 iban-

108 2978 178 3043 quilli
192 2976 294 3027 nomina
305 2991 367 3040 prae
381 2991 413 3026 ee
422 2976 521 3036 ierunt,
533 2974 580 3025 sed
591 2975 672 3024 bonae
687 2974 770 3042 frugis
783 2989 873 3040 parum
888 2974 1024 3026 contineat.
1062 2973 1109 3026 Usi

107 3060 195 3096 sumus
216 3043 304 3094 eodem
324 3043 408 3093 codice
426 3043 647 3107 Montepessnlano
665 3044 759 3092 saeculi
782 3057 822 3104 rx,
841 3043 910 3092 unde
927 3041 1064 3092 Dorvillius
1083 3055 1109 3091 a.

108 3113 176 3165 1749
191 3111 302 3178 protulit.

169 3193 423 3254 Differentiae
441 3211 644 3253 sermonum
663 3191 796 3253 Remmi
810 3191 1048 3252 Palaemonis
1064 3207 1143 3251 exeo

107 3273 1107 3355 libruSnetoniPranqnilliquiinscribitanratnm.
1192 3330 1194 3346 ,

169 3357 248 3416 Inter
267 3367 382 3432 gnatum
403 3367 433 3417 et
453 3360 559 3438 natum]
575 3368 678 3436 gnatus
695 3367 740 3418 est
756 3360 804 3437 qni
822 3358 974 3436 exaliqua
993 3374 1107 3434 genere

109 3439 200 3498 elficit
220 3438 345 3515 aliquem
367 3451 516 3517 parentem
539 3443 604 3518 ipse
626 3441 789 3518 nascendo,
809 3449 893 3500 natus
916 3451 962 3501 est
981 3442 1010 3499 in
1029 3441 1107 3500 saltn
