2438 3872
600 214 703 263 muso
1090 203 1146 268 181

149 387 243 472 neque
259 387 296 430 eo
312 371 401 432 setius
419 380 574 432 coronatus
590 381 644 432 est.
672 370 828 434 Decedcns
843 371 947 432 deinde
966 375 1146 450 provinciam

149 458 346 517 universamr
326 438 459 514 livertate
474 453 592 516 donavit
594 457 756 536 ,simulque
768 455 879 516 iudices
892 458 1007 516 civitate
1017 457 1145 518 Romana

149 549 179 601 et
193 541 315 619 pecunia
330 537 443 637 grandi.
487 539 568 613 Quae
587 500 729 602 beneficia
750 558 767 598 e
789 539 883 600 medio
906 540 999 600 stadio
1014 540 1146 601 Isthmio·

149 643 210 684 rum
226 623 272 688 die
289 641 340 683 sua
355 623 419 702 ipse
434 639 511 684 voce
526 626 730 702 pronuntiavit.

126 727 140 768 s
211 708 359 768 Reversus
374 725 391 766 e
409 706 530 768 Graecia
546 707 711 788 Neapolim,
728 707 804 787 quod
818 708 847 768 in
864 727 899 768 ea
915 710 1036 788 primum
1056 719 1189 776 artemas

149 793 322 872 protulerat,
345 790 418 852 albis
439 793 522 871 equis
542 793 660 870 introiit,
685 793 807 854 disiecta
829 801 913 872 parte
937 795 1021 872 muri,
1036 803 1066 853 ut
1083 811 1147 854 mos

150 877 362 938 hieronicarum
379 885 438 943 est:
461 876 544 936 simili
566 877 652 938 modo
667 878 798 954 Antium,
817 876 883 938 inde
900 877 1059 954 Albanum,
1081 877 1148 938 inde

149 962 283 1029 Romam
300 959 352 1022 sed
367 970 397 1020 et
411 960 532 1020 Romam
549 978 585 1020 eo
608 979 701 1039 curru,
721 977 780 1040 quo
794 961 943 1038 Augustus
962 962 1032 1020 olim
1052 965 1147 1022 trium-

150 1044 300 1124 pharerat,
317 1053 346 1104 et
360 1046 389 1102 iu
403 1054 486 1104 veste
503 1062 648 1124 purpurea
665 1045 857 1122 distinctaque
872 1045 965 1106 stellis
980 1047 1077 1106 aureis
1090 1044 1146 1105 cla·

114 1127 246 1230 tumide,p
257 1145 453 1206 coronamque
469 1129 565 1208 capite
583 1147 692 1207 gerens
707 1127 918 1208 Olympiacam,
939 1129 1042 1190 dextra
1064 1147 1148 1190 manu

149 1213 289 1288 Pythiam,
307 1221 466 1292 praeeunte
482 1229 588 1291 pompa
604 1221 765 1274 ceterarum
781 1231 844 1272 cum
858 1213 958 1290 titulis,
975 1212 1023 1272 ubi
1033 1221 1063 1272 et
1073 1231 1147 1292 quos

151 1313 208 1374 quo
224 1297 385 1356 cantionum
401 1314 496 1375 quove
510 1295 669 1358 fabularum
682 1305 850 1373 argumento
865 1298 997 1367 vicisset;
1024 1314 1147 1375 sequen-

150 1380 225 1440 tibus
241 1397 355 1440 currum
372 1382 516 1441 ovantium
530 1382 585 1440 ritu
602 1379 797 1458 plausoribus,
814 1381 1012 1458 Augustianos
1029 1381 1147 1444 milites-

152 1482 207 1543 que
227 1482 260 1523 se
282 1463 417 1542 triumphi
447 1465 509 1524 eius
536 1464 755 1525 clamitantibus.
812 1463 935 1542 Dehinc,
957 1463 1051 1524 diruto
1077 1461 1186 1526 circi‘“‘

1 1617 2 1629 ι
114 1561 141 1599 1⁵
151 1548 264 1608 maximi
281 1565 359 1622 arcu,
376 1565 430 1626 per
446 1545 603 1608 Velabrum
617 1547 769 1646 iprrunque
784 1547 922 1608 Palatium
938 1558 967 1608 et
978 1549 1147 1646 Apollinem

152 1633 232 1711 petit
275 1629 423 1692 Incedenti
445 1633 553 1710 passim
579 1633 711 1692 victimae
739 1649 845 1692 caesae
874 1650 978 1711 sparso
1004 1650 1059 1711 per
1085 1633 1147 1692 vias

150 1714 304 1777 identidem
327 1731 428 1790 croco,
452 1717 671 1813 ingestaeque
665 1697 756 1808 aves
758 1734 793 1776 ac
814 1716 944 1786 lemnisci
967 1724 996 1775 et
1017 1715 1146 1776 bellaria.

150 1801 256 1860 Sacras
273 1814 399 1860 coronas
414 1799 443 1858 in
458 1798 598 1859 cubiculis
620 1789 726 1860 circum
749 1801 844 1860 lectos
866 1802 980 1879 posuit,
1003 1801 1071 1860 item
1091 1809 1147 1859 sta·

149 1894 213 1944 tuas
229 1901 295 1942 suas
311 1882 507 1943 citharoedico
523 1882 620 1944 habitu
634 1884 707 1962 (qua
722 1891 790 1944 uota
810 1885 896 1944 etiam
919 1901 1060 1944 nummum
1082 1901 1147 1962 per·

113 1977 140 2018 ²0
150 1966 267 2044 cussit.)
311 1967 438 2044 depost
455 1965 528 2025 baec
544 1975 651 2026 tantum
668 1967 738 2026 aluit
752 1967 950 2028 aremittendo
963 1966 1147 2047 laxandoque

149 2050 256 2124 studio,
274 2059 304 2109 ut
320 2050 538 2110 conservandae
552 2053 636 2110 vocis
649 2052 743 2128 gratia
763 2069 858 2130 neque
879 2052 984 2113 milites
1005 2069 1146 2130 umquam,

149 2135 205 2194 nisi
228 2133 333 2194 absens
353 2143 401 2194 aut
423 2133 481 2193 alio
504 2133 594 2194 verba
621 2135 834 2214 pronuntiante,
863 2136 1028 2214 appellaret
1050 2153 1146 2215 neque

149 2220 303 2298 quicquam
319 2219 397 2278 serio
412 2219 517 2278 locove
534 2221 638 2298 egerit,
654 2221 708 2278 nisi
723 2228 833 2280 astante
846 2219 1007 2298 phonasco,
1023 2220 1070 2300 qui
1086 2237 1145 2280 mo·
1166 2231 1169 2238 '

150 2311 244 2378 neret,
263 2309 413 2380 parceret
431 2302 559 2363 arteriis
579 2303 800 2365 uscudamam
827 2304 870 2364 od
888 2322 924 2364 os
949 2303 1146 2382 applicare&

113 2386 302 2464 tumultusque
318 2385 366 2446 vel
383 2387 535 2447 amicitiam
549 2405 628 2448 suam
643 2388 780 2466 optulerit
793 2388 840 2447 rel
853 2389 1025 2449 simultatem
1037 2387 1146 2446 indixe-

149 2473 198 2546 rit,
214 2478 300 2544 prout
313 2471 435 2548 quisque
451 2488 483 2530 se
499 2474 592 2549 magis
607 2474 761 2550 parciusue
778 2471 934 2531 laudasset
1011 2483 1016 2521 2
1045 2512 1049 2520 ι

1 2577 3 2644 [
116 2599 119 2605 .
213 2553 410 2630 Petulantium,
428 2553 585 2650 libidinem,
601 2555 752 2629 luxuriam,
769 2555 928 2629 avaritiam,
946 2555 1145 2617 crudelitatem
1154 2568 1188 2622 ιι

1 2683 2 2694 ,
101 2715 104 2720 ¹
149 2637 257 2698 sensim
272 2637 393 2716 quidem
416 2639 508 2715 primo
535 2647 563 2697 et
592 2637 709 2698 occulte
737 2647 766 2697 et
792 2638 872 2697 velut
900 2639 1016 2698 iuvenili
1046 2656 1147 2701 ιιιιιι

1 2738 2 2784 l
150 2723 293 2796 exercuit,
313 2721 365 2780 sed
381 2730 410 2780 ut
427 2731 493 2782 tunc
517 2740 631 2802 quoque
655 2721 769 2782 dubium
788 2722 894 2782 nemini
915 2723 1006 2799 iuret,
1028 2721 1194 2785 marae

113 2817 140 2860 ao
150 2805 199 2866 illa
213 2807 294 2884 pitia,
308 2821 365 2864 non
384 2807 485 2865 aetatis
501 2823 578 2865 esse
617 2805 687 2866 Post
704 2806 906 2884 crepusculum
918 2809 1012 2868 statim
1025 2807 1146 2886 adrepto

148 2878 239 2968 pilleo
256 2889 303 2948 vel
324 2887 427 2966 galero
438 2890 582 2989 ..popinas
590 2873 679 2950 inibat
699 2891 864 2968 circumque
884 2892 967 2952 vicos
987 2891 1148 2969 vagabatur

148 2971 330 3060 ludibundus,
348 2991 403 3036 uec
420 2974 483 3034 sine
500 2975 630 3052 pernicie
646 2982 751 3034 tamen
795 2975 942 3055 Siquidem
959 2974 1107 3036 redeuntis
1131 2993 1147 3035 a

1 3057 3 3085 ἶ
111 3077 131 3131 ι
148 3075 250 3147 caena
255 3056 413 3120 verberare
429 3077 465 3118 ac
479 3067 677 3137 repugnantes
689 3058 841 3119 vulnerare
855 3059 1022 3139 cloacisque
1035 3059 1146 3119 demer-

147 3123 223 3220 pere
236 3150 377 3217 assuerat,
389 3140 524 3202 tabernas
535 3143 618 3202 etiam
631 3141 787 3220 effringere
800 3153 829 3204 et
841 3144 986 3222 expilare;
1004 3143 1146 3226 Quintana

110 3245 138 3286 ιι
147 3223 235 3297 domi:
228 3226 404 3302 constituta,
416 3225 465 3285 ubi
476 3235 577 3307 partae
588 3235 618 3286 et
632 3225 668 3286 ad
678 3225 866 3290 licitationem
878 3226 1048 3288 dividendae
1061 3244 1144 3305 prae

147 3305 341 3385 lactoratium
359 3310 566 3372 absumeretur.
610 3309 656 3370 Ac
669 3329 762 3390 saepe
778 3312 805 3370 iu
822 3313 885 3372 eius
895 3309 1010 3372 modi'
987 3311 1058 3370 rrxis
1076 3327 1145 3372 ocu-

83 3411 92 3422 ·
147 3391 241 3476 lotum
262 3401 290 3458 et
316 3395 398 3454 ritae
415 3394 572 3474 periculum
592 3393 664 3454 adiit
670 3393 860 3473 a,quodam
881 3393 1043 3470 laticiario,
1064 3395 1145 3457 cuius

147 3473 269 3539 uxorem
280 3477 505 3556 adtrectarerat,
520 3495 615 3559 prope
632 3477 667 3539 ad
681 3495 783 3548 necem
796 3495 908 3538 caesus.
953 3478 1051 3554 Quare
1067 3494 1144 3538 num-

1164 3319 1195 3333 h...
