2412 3876
117 207 159 269 30
204 218 235 267 c.
251 218 401 268 sunnoru
421 219 549 280 annno.
565 220 613 267 nu
629 219 712 268 vrrs
727 217 912 268 erasmum
927 221 996 268 are.
1012 221 1036 268 1.

118 391 200 450 uum,
221 374 268 454 qui
283 391 387 434 necem
404 391 484 434 suam
498 391 553 454 per
567 392 710 436 venenum
722 374 844 435 inimicis
857 375 1047 454 promiserat,
1064 391 1125 436 non

117 459 236 536 gravius
259 475 343 538 quarn
365 458 490 538 simplici
511 467 606 518 morte
630 461 735 538 puniit;
763 461 793 520 in
819 457 950 519 Publium
978 457 1123 535 Clodium,

117 540 275 622 Pompeiae
287 543 387 603 uxoris
401 559 472 603 suae
486 541 646 604 adulterum
658 551 744 623 atque
756 541 858 604 eadem
873 542 911 602 de
925 559 1012 604 causa
1026 542 1123 622 pollu-

117 636 208 688 tarum
229 627 469 688 caerimoniarum
486 644 581 704 reum,
603 629 687 687 testis
707 629 826 704 citatus,
848 629 968 705 negarit
988 645 1021 686 se
1042 628 1124 706 quic·

117 729 201 790 quam
221 712 420 791 comperisse,
442 712 571 790 quamde
594 720 624 771 et
644 720 736 772 mater
754 710 873 772 Aurelia
892 719 923 771 et
944 728 1030 771 soror
1048 708 1147 770 lullae

117 794 192 875 apud
207 794 327 856 eosdem
342 795 453 856 iudices
469 795 562 856 omnia
578 814 616 856 en
630 795 686 856 lide
705 796 889 865 retulissent;
910 796 1123 872 interrogatus·

51 895 58 932 ε
118 897 189 958 que,
204 896 255 940 cur
269 881 357 959 rgrtur
368 878 553 959 repudiasset
565 897 688 940 uxorem
694 877 889 956 ,Quoniam
909 880 1015 958 inquit,
1037 895 1125 939 meuc

73 969 179 1028 ittam
192 963 371 1044 suspicione
384 981 476 1044 quum
492 962 618 1025 ariciae
632 963 736 1025 iudico
751 981 862 1025 carere
877 969 1029 1041 oportere
1059 961 1123 1024 llo·

117 1047 297 1109 demtionem
317 1065 390 1108 vero
412 1047 650 1127 clementiamque
670 1065 733 1108 oum
750 1049 780 1108 in
800 1047 1046 1108 administratione
1063 1054 1123 1106 tunr

62 1145 98 1181 f
116 1134 145 1191 in
166 1132 289 1192 victoria
309 1131 380 1192 belli
406 1131 499 1192 civilis
521 1131 718 1192 admirabilem
744 1120 913 1192 exhihuit.
926 1130 1158 1190 Denuntiantero

115 1215 272 1296 Pompeio,
291 1233 346 1294 pro
362 1214 494 1275 hostibus
508 1234 541 1275 se
556 1214 716 1276 habiturum
737 1217 785 1295 qui
799 1234 842 1276 rer
835 1213 994 1295 publicae
1012 1213 1121 1274 deluis·

7 1365 8 1368 ,
116 1308 194 1378 sent,
212 1300 277 1379 ipse
289 1298 401 1359 medios
416 1307 445 1359 et
460 1300 589 1359 neutrius
604 1302 695 1379 partis
710 1316 826 1360 suorum
838 1298 894 1360 sibi
908 1315 1027 1359 numero
1044 1298 1121 1358 iutu-

114 1401 165 1444 ros
181 1384 386 1464 pronuntiavit.
431 1382 541 1459 Quibus
563 1391 658 1445 autem
675 1402 713 1444 ex
732 1383 983 1445 commendatione
998 1383 1121 1462 Pompei

116 1468 234 1529 ordines
249 1467 378 1545 dederat,
395 1475 570 1547 potestatem
582 1466 747 1529 transeundi
760 1469 796 1530 ad
810 1486 875 1528 eum
892 1465 1024 1528 omnibns
1035 1466 1120 1527 iecit.

7 1599 8 1602 η
113 1552 202 1614 llotis
222 1551 297 1632 apud
316 1550 441 1613 llerdam
464 1551 619 1613 deditionis
645 1551 872 1630 conditionibus,
897 1569 977 1628 eum,
1001 1550 1157 1612 assiduare

114 1639 341 1716 interutrasque
359 1645 459 1716 partes
479 1655 531 1696 usu
547 1645 633 1716 atque
653 1638 846 1714 commercio,
868 1635 1005 1697 Afranius
1020 1642 1051 1694 et
1065 1633 1120 1695 Pe·

114 1722 204 1781 treius
218 1719 421 1801 deprehensos
435 1723 508 1781 intra
525 1728 621 1782 castra
635 1720 763 1782 lulianos
778 1720 872 1781 subita
887 1719 1065 1799 paenitentia
1079 1720 1120 1778 in·

47 1836 52 1846 ·
113 1805 314 1883 terlecissent,
336 1803 488 1866 admissam
505 1807 536 1865 ¹in
556 1823 588 1864 se
604 1801 754 1884 perfidiam
772 1821 831 1866 non
851 1805 985 1864 sustinuit
1004 1804 1119 1862 imitari.

64 1916 65 1920 ¹
89 1888 91 1892 ’
112 1889 187 1950 Acie
201 1888 368 1951 Pharsalica
385 1889 577 1969 proclamavit
590 1897 620 1949 ut
636 1889 747 1950 civibus
761 1896 944 1987 parceretur,
965 1887 1119 1966 deinceps·

113 1993 170 2054 que
193 1973 299 2034 nemini
311 1990 378 2052 non
403 1991 519 2035 suorum
543 1991 628 2052 quem
647 1974 738 2033 vellet
762 1988 846 2033 unum
864 1973 954 2052 partis
975 1970 1156 2034 adversaeao

6 2115 7 2119 ,
113 2075 233 2118 servare
250 2045 408 2118 concessit.
451 2057 516 2118 Nec
529 2058 580 2119 ulli
592 2059 709 2138 perisse
723 2058 777 2117 nisi
791 2058 820 2117 in
833 2055 949 2136 proelio
966 2057 1118 2136 reperien-

7 2171 8 2174 ¹
112 2151 172 2219 tur,
192 2142 326 2220 exceptis
343 2140 408 2201 dura
429 2150 508 2202 taxat
521 2141 644 2202 Afranio
666 2150 695 2202 et
712 2141 821 2202 Fausto
838 2149 868 2200 et
882 2140 971 2201 Lucio
989 2137 1119 2201 caesare

112 2226 232 2294 iuvene;
255 2242 290 2285 ac
308 2243 345 2284 ne
365 2224 421 2284 bos
443 2224 559 2304 quidem
575 2225 753 2287 voluntate
739 2227 835 2326 ppsius
857 2226 1048 2305 interemptos
1065 2242 1117 2304 pu·

112 2318 186 2388 tant,
210 2323 330 2390 quorum
350 2317 446 2369 tamen
467 2317 497 2370 et
517 2311 632 2388 priores
651 2319 720 2390 post
737 2311 917 2390 impetratam
937 2311 1051 2370 veniam
1070 2325 1117 2368 re·

112 2391 293 2456 bellaverunt
314 2402 343 2452 et
367 2389 492 2472 (laesar,
511 2392 624 2454 libertis
645 2395 799 2475 servisque
820 2395 883 2454 eius
902 2393 984 2453 ferro
1004 2401 1034 2454 et
1054 2393 1156 2470 igniac

112 2477 284 2541 crudelem
274 2497 303 2538 ιιι
317 2476 433 2539 modum
447 2477 576 2557 enectis,
591 2477 701 2539 bestias
716 2496 834 2558 quoqne
849 2476 885 2539 ad
897 2493 997 2537 munus
1014 2475 1117 2576 populi

112 2571 293 2644 comparatas
307 2561 569 2624 contrucidaverat
594 2562 727 2663 Denique
738 2570 871 2643 tempore
884 2570 1016 2622 extremo
1030 2563 1117 2622 etiam

110 2647 214 2728 quibos
233 2646 358 2706 nondum
379 2648 533 2748 ignoverat
553 2648 663 2708 cunctis
688 2649 718 2707 in
737 2644 848 2709 ltaliam
866 2645 963 2707 redire
984 2647 1117 2724 permisit
1196 2721 1198 2728 ι

110 2733 351 2810 magistratusque
371 2733 424 2791 et
415 2732 536 2812 imperia
556 2748 677 2811 capere;
697 2730 750 2791 sed
764 2739 793 2791 et
806 2739 915 2816 statuas
932 2730 1002 2790 Luci
1016 2728 1116 2790 Sullae

111 2826 196 2896 atque
209 2813 331 2914 Pompei
352 2834 368 2876 a
387 2815 476 2895 plebe
493 2814 631 2878 disiectas
646 2817 794 2895 reposuit;
816 2833 852 2876 ae
871 2816 896 2874 si
917 2832 973 2894 qua
989 2812 1153 2895 posthaceo

110 2909 158 2961 aut
173 2899 371 2976 cogitarentur
386 2899 660 2976 graviusadrersus
674 2918 707 2960 se
722 2908 769 2960 aut
785 2898 965 2975 dicerentur,
981 2895 1115 2959 inhibere

109 2982 208 3044 maluit
222 2999 306 3062 qoam
320 2982 477 3045 vindicare.
511 2983 611 3064 ltaque
626 2993 657 3046 et
666 2984 799 3046 detectas
814 2984 1030 3044 coniurationes
1044 2998 1114 3042 con·

38 3114 43 3123 ,
110 3074 271 3148 ventusque
288 3077 447 3129 nocturnos
461 3085 520 3128 non
534 3069 610 3129 ultra
626 3069 736 3147 arguit,
756 3085 839 3148 qnam
853 3076 884 3127 nt
900 3067 997 3128 edicto
1016 3073 1113 3127 osten-

36 3163 43 3174 *
110 3151 194 3214 deret
208 3169 276 3212 esse
294 3151 349 3210 sibi
364 3161 466 3231 notas,
485 3160 516 3213 et
530 3151 637 3214 acerbe
658 3151 844 3233 loquentibus
859 3153 930 3214 satis
943 3151 1043 3230 babuit
1057 3165 1113 3230 pro

110 3238 248 3300 contione
264 3234 432 3297 denuntiare
446 3254 483 3297 ne
497 3244 737 3316 perseverarent,
754 3235 880 3315 Aulique
897 3233 1042 3297 Caecinae
1057 3235 1150 3299 ori-ae

109 3322 304 3384 minosissimo
328 3319 404 3381 libro
432 3331 461 3382 et
486 3319 610 3382 Pitholai
634 3321 806 3382 carminibus
831 3319 1112 3382 maledicentissimis

109 3403 266 3468 laceratam
283 3406 524 3467 existimationem
538 3422 618 3468 snam
633 3405 711 3468 civili
726 3407 820 3466 animo
834 3404 908 3465 tulit.

67 3495 103 3556 76
173 3490 372 3570 Praegrauant
391 3499 486 3553 tamen
507 3498 606 3552 cetera
628 3491 704 3552 laeta
719 3489 852 3570 dictaque
870 3489 947 3566 eius,
968 3495 999 3547 ut
1017 3494 1047 3548 et
1060 3485 1112 3548 ‘ab

6 3673 16 3716 'a
