2444 3872
578 175 750 226 arsamus.
1107 168 1164 230 101

161 333 294 412 primori:
312 339 341 391 et
358 331 382 390 si
398 349 482 410 quem
496 349 612 404 reorum
628 333 704 394 elabi
720 335 813 411 gratia
829 351 926 393 rumor
942 343 1037 411 esset,
1054 334 1166 396 subitus

161 415 263 476 aderat
283 415 452 494 iudicesque
473 426 520 478 aut
541 435 558 477 e
581 416 668 497 plano
684 426 731 478 aut
747 437 763 477 e
780 418 956 497 quaesitoris
975 417 1108 480 tribunali
1123 421 1165 481 le·

160 511 229 578 gum
244 507 273 559 et
287 500 441 576 religionis
453 507 483 560 ct
493 519 600 578 noxae,
617 501 652 561 de
665 519 721 580 qua
733 503 961 580 cognoscerent,
977 503 1164 575 admonebat;

160 588 247 662 atque
263 585 364 660 etiam,
384 585 408 642 si
424 601 481 662 qua
497 587 526 644 ln
542 585 667 664 publicis
682 586 810 646 moribus
827 586 937 646 desidia
953 588 1084 648 autmaln
1096 603 1164 648 con·

136 667 311 736 ssuetudine
333 666 481 746 labarent,
502 670 676 746 corrigenda
690 672 829 750 suscepit.
857 670 1001 732 budolum
1016 689 1052 733 ac
1066 677 1208 734 mune-34

158 771 221 812 rum
235 754 381 832 impensas
398 755 553 833 corripuit,
572 753 755 815 mercedibus
770 756 953 815 scenicorum
968 759 1071 817 recisis
1090 758 1164 837 pari·

158 836 272 914 busque
288 835 481 913 gladiatorum
498 837 533 898 ad
549 847 660 899 certum
674 857 821 899 numerum
835 839 972 900 redactis.
999 839 1163 900 Corinthio·

158 937 221 981 rum
244 937 379 980 vasorum
400 924 493 1000 pretia
513 925 541 982 in
561 923 728 983 immensum
749 925 895 984 exarsisse
918 931 1036 1004 tresque
1057 925 1164 985 mullos

91 1005 342 1085 striginta
304 1004 418 1065 milibus
442 1023 583 1072 nummum
601 1010 719 1068 venisse
745 1010 875 1085 graviter
895 1017 1088 1087 conquestus,
1115 1008 1162 1069 ad·

16 1092 77 1164 ζ’
95 1048 313 1152 renitendum
338 1090 515 1170 supellectili
540 1091 654 1153 modum
680 1093 793 1152 censuit
823 1110 1065 1174 annonamque
1046 1093 1163 1154 macelli

159 1182 276 1234 senatus
289 1173 428 1234 arbitratu
443 1183 513 1254 quot
530 1178 612 1237 annis
627 1177 853 1256 temperandam,
870 1177 937 1238 dato
954 1177 1095 1238 aedilibus
1113 1195 1161 1236 ne·

158 1259 241 1336 gotio
270 1260 404 1338 popinas
415 1276 583 1340 ganeasque
603 1279 696 1340 nsque
717 1279 754 1321 ec
774 1261 938 1338 inhibemli,
966 1271 995 1321 ut
1014 1281 1051 1322 ne
1072 1279 1162 1341 opera

158 1341 273 1422 quidem
293 1344 414 1422 pistoria
430 1347 555 1424 proponi
570 1345 684 1406 venalia
698 1347 836 1406 sinerent
864 1345 903 1406 Et
915 1353 946 1406 ut
960 1348 1162 1424 parsimoniam

158 1426 304 1508 publicam
325 1428 463 1508 exemplo
481 1446 597 1508 quoque
621 1431 749 1507 iuvaret,
771 1429 991 1490 sollemnibus
982 1449 1045 1509 rpse
1064 1423 1162 1508 cjenis

120 1510 288 1592 15pr1drana
313 1529 403 1590 saepe
430 1530 465 1573 ac
489 1531 602 1575 semesa
629 1513 751 1575 obsonia
772 1515 908 1593 apposuit
931 1513 1162 1592 dimidiatumque

157 1613 276 1675 aprum,
293 1590 454 1673 ailirmans,
472 1597 574 1659 omnic
589 1595 841 1673 redamabere,
859 1613 940 1677 qaae
952 1603 1055 1658 totum
1160 1653 1162 1662 ,

220 1678 372 1741 cotidiana
394 1681 496 1741 oscula
516 1682 613 1743 edicto
634 1682 795 1762 probibuit,
817 1683 887 1741 item
906 1689 1067 1742 strenarum
1083 1695 1160 1741 ccm-

157 1767 296 1824 mercium
317 1783 354 1824 ne
376 1765 450 1825 ultra
472 1765 536 1826 llal.
554 1766 613 1826 lan
637 1773 834 1826 exerceretur.
868 1763 1031 1826 donauerat
1047 1764 1160 1846 quadri·

156 1849 235 1930 plam
250 1858 390 1926 strenam,
405 1859 434 1909 et
449 1849 484 1910 de
500 1867 593 1926 manu,
609 1849 747 1919 reddere;
769 1848 821 1910 sed
837 1849 964 1910 offensus
981 1844 1161 1928 interpellari

118 1959 147 2002 ιο
157 1951 190 1995 se
204 1941 268 1994 tcto
283 1951 383 1992 mense
398 1933 468 1993 ab
449 1953 484 1992 us
481 1936 547 2013 qui
566 1942 741 2014 potestatem
757 1935 800 1993 sui
818 1934 864 1993 die
882 1935 959 1993 festo
975 1950 1033 1994 non
1047 1933 1160 1993 habuis·

156 2027 237 2094 sent,
258 2016 332 2077 ultra
351 2036 409 2077 non
415 2005 496 2078 tulit.
522 2019 669 2080 Matronae
684 2027 852 2118 prostratae
862 2017 1034 2097 pudicitiae,
1057 2015 1203 2101 quibns35

156 2064 311 2164 accu'satcr
334 2101 467 2182 publicus
490 2099 620 2181 deesset,
643 2111 673 2162 ut
695 2105 852 2182 propinqui
872 2118 954 2163 more
970 2103 1107 2162 maiorum
1123 2093 1161 2162 de

157 2188 300 2246 communi
332 2189 475 2247 sententia
507 2197 681 2247 coercerent
714 2196 815 2248 auctor
840 2187 901 2246 luit
945 2185 1000 2264 llq.
1029 2185 1064 2246 ll
1091 2186 1178 2259 iurist

155 2270 267 2332 iurandi
294 2272 415 2348 gratiam
435 2271 522 2347 lecit,
544 2290 665 2331 uxorem
685 2272 714 2330 in
736 2280 837 2349 stupro
859 2271 961 2347 generi
984 2269 1177 2348 compertam

116 2375 146 2417 ιι
158 2355 331 2431 dimitteret,
350 2371 434 2432 quam
457 2357 489 2414 se
511 2372 662 2434 numquam
683 2356 897 2434 repudiaturum
919 2362 984 2414 ante
1006 2354 1160 2412 iuraverat.

154 2439 293 2499 Feminae
314 2437 460 2516 famosae
486 2449 515 2498 ut
529 2439 564 2499 ad
582 2439 729 2500 evitandas
749 2440 846 2517 legum
860 2455 971 2517 poenas
988 2438 1050 2495 iure
1070 2453 1105 2496 ac
1119 2436 1160 2495 di·

155 2525 266 2600 gnitate
290 2523 440 2583 matronali
462 2523 684 2622 cupiverantur,
711 2523 886 2583 lenocinium
903 2521 1035 2600 profiteri
1053 2536 1202 2599 coepe-5,
1178 2513 1210 2586 5¹

153 2616 235 2684 rant,
259 2615 287 2666 et
304 2626 342 2666 ex
356 2608 503 2667 iuventute
521 2609 671 2686 utriusque
688 2607 797 2666 ordinis
811 2605 1065 2686 profligatissimus
1082 2606 1198 2682 quis-

156 2709 230 2770 que,
248 2708 306 2770 quc
324 2691 414 2750 minus
429 2693 458 2750 in
475 2709 566 2771 opera
580 2709 704 2751 scaenae
718 2691 901 2769 harenaeque
917 2688 1029 2750 edenda
1044 2698 1161 2748 senatus

116 2785 146 2828 ³0
156 2774 291 2838 consulto
306 2784 463 2852 teneretur,
479 2775 582 2835 famosi
597 2775 693 2835 iudicii
709 2783 806 2836 notam
820 2783 925 2854 sponte
941 2773 1088 2843 subibant;
1108 2790 1161 2833 ecs

154 2877 265 2939 easque
278 2877 389 2937 omues,
407 2878 443 2919 ne
459 2859 536 2938 quod
551 2859 695 2936 refugium
710 2861 739 2918 in
755 2859 804 2920 tali
814 2859 914 2920 fraude
928 2860 1058 2937 cuiquam
1071 2865 1161 2932 esset,

154 2943 245 3004 exilio
259 2943 374 3004 adiecit
403 2944 537 3004 Senatcri
551 2943 638 3004 latum
654 2943 766 3002 clarum
783 2943 896 3020 ademit,
913 2961 976 3002 cum
990 2949 1160 3020 cognosset,

143 3027 207 3088 sub
231 3026 297 3088 llal.
319 3027 371 3087 lul.
395 3027 609 3106 demigrasse
600 3047 629 3087 ιιι
654 3027 773 3105 hortos,
801 3045 858 3106 quo
883 3026 967 3086 vilius
992 3036 1059 3106 post
1085 3025 1160 3084 diem

155 3109 269 3174 aedes
261 3129 289 3170 ιιι
303 3111 374 3172 urbe
391 3111 579 3172 conduceret
603 3109 698 3170 Alium
713 3119 743 3170 et
758 3119 912 3192 quaestura
926 3113 1064 3184 removit,
1082 3107 1159 3186 quod

118 3224 144 3264 35
154 3213 278 3258 uxorem
291 3195 386 3276 pridie
401 3197 582 3256 sortitionem
598 3194 711 3255 ductam
724 3195 867 3274 postridie
881 3194 1074 3273 repudiasset.
1100 3191 1158 3252 Ειι-
1168 3198 1203 3252 36

142 3290 254 3342 ternas
270 3282 476 3358 caerimonias,
491 3280 656 3359 Aegyptios
674 3279 865 3357 Iudaicosque
881 3281 951 3337 ritus
968 3277 1159 3355 compescuit,
1210 3357 1212 3361 ,

145 3367 268 3426 coactis
285 3366 333 3443 qui
350 3367 559 3444 superstitione
575 3379 610 3423 ea
627 3363 798 3423 tenebantur
813 3363 969 3440 religiosas
983 3367 1082 3420 restes
1096 3376 1160 3419 cum
1207 3425 1210 3436 p

153 3452 345 3532 instrumento
358 3451 433 3509 omni
448 3447 630 3509 comburere.
650 3446 821 3508 ludaeorum
833 3449 1009 3505 iuventutem
1023 3462 1078 3524 per
1093 3459 1159 3522 spe·
