<?xml version="1.0" encoding="UTF-8"?>
<!DOCTYPE html PUBLIC "-//W3C//DTD XHTML 1.0 Transitional//EN"
    "http://www.w3.org/TR/xhtml1/DTD/xhtml1-transitional.dtd">
<html xmlns="http://www.w3.org/1999/xhtml" xml:lang="en" lang="en">
 <head>
  <title>
</title>
<meta http-equiv="Content-Type" content="text/html;charset=utf-8" />
  <meta name='ocr-system' content='tesseract 3.04.00' />
  <meta name='ocr-capabilities' content='ocr_page ocr_carea ocr_par ocr_line ocrx_word'/>
</head>
<body>
  <div class='ocr_page' id='page_1' title='image "./csuetonitranqui00rothgoog_0429.png"; bbox 0 0 2416 3876; ppageno 0'>
   <div class='ocr_carea' id='block_1_1' title="bbox 226 196 1079 268">
    <p class='ocr_par' dir='ltr' id='par_1_1' title="bbox 226 196 1079 268">
     <span class='ocr_line' id='line_1_1' title="bbox 226 196 1079 268; baseline 0.005 -13"><span class='ocrx_word' id='word_1_1' title='bbox 226 206 505 256; x_wconf 81' lang='lat' dir='ltr'>uuauanuronuu</span> <span class='ocrx_word' id='word_1_2' title='bbox 525 205 708 256; x_wconf 80' lang='lat' dir='ltr'>arauouuu</span> <span class='ocrx_word' id='word_1_3' title='bbox 729 205 930 268; x_wconf 80' lang='lat' dir='ltr'>auuuoumu.</span> <span class='ocrx_word' id='word_1_4' title='bbox 1019 196 1079 260; x_wconf 82' lang='lat'>319</span> 
     </span>
    </p>
   </div>
   <div class='ocr_carea' id='block_1_2' title="bbox 8 361 1150 3383">
    <p class='ocr_par' dir='ltr' id='par_1_2' title="bbox 70 361 1078 527">
     <span class='ocr_line' id='line_1_2' title="bbox 138 361 1078 442; baseline 0.002 -19"><span class='ocrx_word' id='word_1_5' title='bbox 138 363 296 439; x_wconf 89' lang='lat' dir='ltr'>Simulare,</span> <span class='ocrx_word' id='word_1_6' title='bbox 310 361 504 441; x_wconf 86' lang='lat' dir='ltr'>dissimulare]</span> <span class='ocrx_word' id='word_1_7' title='bbox 517 361 764 442; x_wconf 84' lang='lat' dir='ltr'>simulamusquae</span> <span class='ocrx_word' id='word_1_8' title='bbox 779 361 934 439; x_wconf 85' lang='lat' dir='ltr'>nescimus,</span> <span class='ocrx_word' id='word_1_9' title='bbox 949 361 1078 426; x_wconf 86' lang='lat' dir='ltr'>dissimu-</span> 
     </span>
     <span class='ocr_line' id='line_1_3' title="bbox 70 446 390 527; baseline -0.003 -21"><span class='ocrx_word' id='word_1_10' title='bbox 70 446 169 508; x_wconf 82' lang='lat' dir='ltr'><strong>lamus</strong></span> <span class='ocrx_word' id='word_1_11' title='bbox 184 464 258 527; x_wconf 86' lang='lat' dir='ltr'>quae</span> <span class='ocrx_word' id='word_1_12' title='bbox 273 448 390 506; x_wconf 88' lang='lat' dir='ltr'>scimus.</span> 
     </span>
    </p>

    <p class='ocr_par' dir='ltr' id='par_1_3' title="bbox 71 529 1078 676">
     <span class='ocr_line' id='line_1_4' title="bbox 139 529 1078 612; baseline 0.002 -22"><span class='ocrx_word' id='word_1_13' title='bbox 139 531 293 591; x_wconf 86' lang='lat' dir='ltr'>Servitium</span> <span class='ocrx_word' id='word_1_14' title='bbox 309 539 337 590; x_wconf 85' lang='lat' dir='ltr'>et</span> <span class='ocrx_word' id='word_1_15' title='bbox 349 529 530 609; x_wconf 86' lang='lat' dir='ltr'>servitutem]</span> <span class='ocrx_word' id='word_1_16' title='bbox 543 531 726 590; x_wconf 83' lang='lat' dir='ltr'>servituseet</span> <span class='ocrx_word' id='word_1_17' title='bbox 740 532 904 591; x_wconf 76' lang='lat' dir='ltr'>necessitas</span> <span class='ocrx_word' id='word_1_18' title='bbox 920 529 1078 612; x_wconf 82' lang='lat' dir='ltr'>serviendi,</span> 
     </span>
     <span class='ocr_line' id='line_1_5' title="bbox 71 615 593 676; baseline 0.002 -3"><span class='ocrx_word' id='word_1_19' title='bbox 71 616 228 676; x_wconf 85' lang='lat' dir='ltr'>servitium</span> <span class='ocrx_word' id='word_1_20' title='bbox 243 615 429 675; x_wconf 82' lang='lat' dir='ltr'>servientium</span> <span class='ocrx_word' id='word_1_21' title='bbox 445 629 593 676; x_wconf 78' lang='lat' dir='ltr'>numerus.</span> 
     </span>
    </p>

    <p class='ocr_par' dir='ltr' id='par_1_4' title="bbox 40 697 1079 843">
     <span class='ocr_line' id='line_1_6' title="bbox 40 697 1079 777; baseline 0.002 -19"><span class='ocrx_word' id='word_1_22' title='bbox 40 726 56 766; x_wconf 66' lang='grc' dir='ltr'>ε,</span> <span class='ocrx_word' id='word_1_23' title='bbox 140 699 261 759; x_wconf 83' lang='lat' dir='ltr'>Sensum</span> <span class='ocrx_word' id='word_1_24' title='bbox 277 707 306 758; x_wconf 87' lang='lat' dir='ltr'>et</span> <span class='ocrx_word' id='word_1_25' title='bbox 319 697 509 777; x_wconf 86' lang='lat' dir='ltr'>intellectum]</span> <span class='ocrx_word' id='word_1_26' title='bbox 522 715 625 758; x_wconf 78' lang='lat' dir='ltr'>sensus</span> <span class='ocrx_word' id='word_1_27' title='bbox 640 697 778 757; x_wconf 85' lang='lat' dir='ltr'>naturalis</span> <span class='ocrx_word' id='word_1_28' title='bbox 795 706 854 776; x_wconf 90' lang='lat' dir='ltr'>est,</span> <span class='ocrx_word' id='word_1_29' title='bbox 867 699 1034 762; x_wconf 84' lang='lat' dir='ltr'>intellectus</span> <span class='ocrx_word' id='word_1_30' title='bbox 1050 703 1079 761; x_wconf 92' lang='lat' dir='ltr'>in</span> 
     </span>
     <span class='ocr_line' id='line_1_7' title="bbox 69 781 325 843; baseline -0.008 -1"><span class='ocrx_word' id='word_1_31' title='bbox 69 781 165 842; x_wconf 88' lang='lat' dir='ltr'>rebus</span> <span class='ocrx_word' id='word_1_32' title='bbox 181 781 325 843; x_wconf 86' lang='lat' dir='ltr'>obscuris.</span> 
     </span>
    </p>

    <p class='ocr_par' dir='ltr' id='par_1_5' title="bbox 68 864 1078 1113">
     <span class='ocr_line' id='line_1_8' title="bbox 137 864 1078 944; baseline 0.003 -17"><span class='ocrx_word' id='word_1_33' title='bbox 137 866 313 944; x_wconf 73' lang='lat' dir='ltr'>Sanguinem</span> <span class='ocrx_word' id='word_1_34' title='bbox 337 883 470 926; x_wconf 90' lang='lat' dir='ltr'>cruorem</span> <span class='ocrx_word' id='word_1_35' title='bbox 486 875 517 925; x_wconf 86' lang='lat' dir='ltr'>et</span> <span class='ocrx_word' id='word_1_36' title='bbox 531 867 638 926; x_wconf 89' lang='lat' dir='ltr'>saniem</span> <span class='ocrx_word' id='word_1_37' title='bbox 664 864 722 926; x_wconf 87' lang='lat' dir='ltr'>boo</span> <span class='ocrx_word' id='word_1_38' title='bbox 743 865 850 944; x_wconf 78' lang='lat' dir='ltr'>differt]</span> <span class='ocrx_word' id='word_1_39' title='bbox 873 869 992 944; x_wconf 84' lang='lat' dir='ltr'>sanguis</span> <span class='ocrx_word' id='word_1_40' title='bbox 1008 868 1078 930; x_wconf 88' lang='lat' dir='ltr'>dici·</span> 
     </span>
     <span class='ocr_line' id='line_1_9' title="bbox 68 949 1078 1028; baseline 0.005 -19"><span class='ocrx_word' id='word_1_41' title='bbox 68 959 121 1010; x_wconf 90' lang='lat' dir='ltr'>tur</span> <span class='ocrx_word' id='word_1_42' title='bbox 141 969 204 1012; x_wconf 91' lang='lat' dir='ltr'>cum</span> <span class='ocrx_word' id='word_1_43' title='bbox 219 951 294 1010; x_wconf 89' lang='lat' dir='ltr'>intra</span> <span class='ocrx_word' id='word_1_44' title='bbox 313 959 500 1028; x_wconf 74' lang='lat' dir='ltr'>perpacem,</span> <span class='ocrx_word' id='word_1_45' title='bbox 532 966 567 1010; x_wconf 86' lang='lat' dir='ltr'>eo</span> <span class='ocrx_word' id='word_1_46' title='bbox 582 950 660 1028; x_wconf 83' lang='lat' dir='ltr'>quod</span> <span class='ocrx_word' id='word_1_47' title='bbox 675 966 738 1010; x_wconf 81' lang='lat' dir='ltr'>noe</span> <span class='ocrx_word' id='word_1_48' title='bbox 750 951 877 1027; x_wconf 82' lang='lat' dir='ltr'>sanciat,</span> <span class='ocrx_word' id='word_1_49' title='bbox 899 949 927 1011; x_wconf 86' lang='lat' dir='ltr'>id</span> <span class='ocrx_word' id='word_1_50' title='bbox 949 961 994 1011; x_wconf 88' lang='lat' dir='ltr'>est</span> <span class='ocrx_word' id='word_1_51' title='bbox 1009 970 1078 1014; x_wconf 88' lang='lat' dir='ltr'>con·</span> 
     </span>
     <span class='ocr_line' id='line_1_10' title="bbox 69 1032 1078 1113; baseline 0.004 -20"><span class='ocrx_word' id='word_1_52' title='bbox 69 1035 179 1104; x_wconf 61' lang='lat' dir='ltr'>tineam</span> <span class='ocrx_word' id='word_1_53' title='bbox 198 1051 285 1094; x_wconf 88' lang='lat' dir='ltr'>cruor</span> <span class='ocrx_word' id='word_1_54' title='bbox 310 1050 372 1094; x_wconf 91' lang='lat' dir='ltr'>cum</span> <span class='ocrx_word' id='word_1_55' title='bbox 392 1033 533 1110; x_wconf 77' lang='lat' dir='ltr'>funditur,</span> <span class='ocrx_word' id='word_1_56' title='bbox 551 1033 643 1094; x_wconf 89' lang='lat' dir='ltr'>dictus</span> <span class='ocrx_word' id='word_1_57' title='bbox 659 1032 695 1094; x_wconf 86' lang='lat' dir='ltr'>ab</span> <span class='ocrx_word' id='word_1_58' title='bbox 713 1049 750 1094; x_wconf 88' lang='lat' dir='ltr'>eo</span> <span class='ocrx_word' id='word_1_59' title='bbox 769 1032 918 1113; x_wconf 66' lang='lat' dir='ltr'>quorbnos</span> <span class='ocrx_word' id='word_1_60' title='bbox 940 1053 1078 1097; x_wconf 81' lang='lat' dir='ltr'>corruere</span> 
     </span>
    </p>

    <p class='ocr_par' dir='ltr' id='par_1_6' title="bbox 31 1116 550 1196">
     <span class='ocr_line' id='line_1_11' title="bbox 31 1116 550 1196; baseline -0.015 -13"><span class='ocrx_word' id='word_1_61' title='bbox 31 1141 59 1182; x_wconf 82' lang='grc' dir='ltr'>ιο</span> <span class='ocrx_word' id='word_1_62' title='bbox 71 1127 178 1196; x_wconf 65' lang='lat' dir='ltr'>cogam</span> <span class='ocrx_word' id='word_1_63' title='bbox 196 1118 293 1178; x_wconf 85' lang='lat' dir='ltr'>sanies</span> <span class='ocrx_word' id='word_1_64' title='bbox 308 1134 394 1177; x_wconf 89' lang='lat' dir='ltr'>cruor</span> <span class='ocrx_word' id='word_1_65' title='bbox 410 1116 550 1196; x_wconf 86' lang='lat' dir='ltr'>putridus.</span> 
     </span>
    </p>

    <p class='ocr_par' dir='ltr' id='par_1_7' title="bbox 70 1200 1078 1365">
     <span class='ocr_line' id='line_1_12' title="bbox 141 1200 1078 1280; baseline 0.003 -19"><span class='ocrx_word' id='word_1_66' title='bbox 141 1202 245 1262; x_wconf 88' lang='lat' dir='ltr'>Scelus</span> <span class='ocrx_word' id='word_1_67' title='bbox 269 1211 300 1261; x_wconf 91' lang='lat' dir='ltr'>et</span> <span class='ocrx_word' id='word_1_68' title='bbox 320 1200 446 1280; x_wconf 82' lang='lat' dir='ltr'>facinus]</span> <span class='ocrx_word' id='word_1_69' title='bbox 468 1201 566 1261; x_wconf 86' lang='lat' dir='ltr'>scelus</span> <span class='ocrx_word' id='word_1_70' title='bbox 589 1202 697 1260; x_wconf 81' lang='lat' dir='ltr'>crimen</span> <span class='ocrx_word' id='word_1_71' title='bbox 719 1208 780 1277; x_wconf 85' lang='lat' dir='ltr'>est,</span> <span class='ocrx_word' id='word_1_72' title='bbox 806 1200 918 1263; x_wconf 82' lang='lat' dir='ltr'>facinus</span> <span class='ocrx_word' id='word_1_73' title='bbox 941 1205 1026 1264; x_wconf 90' lang='lat' dir='ltr'>etiam</span> <span class='ocrx_word' id='word_1_74' title='bbox 1049 1204 1078 1264; x_wconf 90' lang='lat' dir='ltr'>in</span> 
     </span>
     <span class='ocr_line' id='line_1_13' title="bbox 70 1285 301 1365; baseline -0.009 -19"><span class='ocrx_word' id='word_1_75' title='bbox 70 1285 160 1346; x_wconf 82' lang='lat' dir='ltr'>laude</span> <span class='ocrx_word' id='word_1_76' title='bbox 178 1287 301 1365; x_wconf 84' lang='lat' dir='ltr'>ponitur.</span> 
     </span>
    </p>

    <p class='ocr_par' dir='ltr' id='par_1_8' title="bbox 70 1369 1077 1534">
     <span class='ocr_line' id='line_1_14' title="bbox 139 1369 1076 1450; baseline 0.004 -21"><span class='ocrx_word' id='word_1_77' title='bbox 139 1369 239 1429; x_wconf 89' lang='lat' dir='ltr'>Solum</span> <span class='ocrx_word' id='word_1_78' title='bbox 258 1371 371 1434; x_wconf 87' lang='lat' dir='ltr'>unicum</span> <span class='ocrx_word' id='word_1_79' title='bbox 393 1369 551 1430; x_wconf 88' lang='lat' dir='ltr'>solitarium</span> <span class='ocrx_word' id='word_1_80' title='bbox 579 1378 608 1430; x_wconf 91' lang='lat' dir='ltr'>et</span> <span class='ocrx_word' id='word_1_81' title='bbox 629 1371 727 1450; x_wconf 83' lang='lat' dir='ltr'>unum}</span> <span class='ocrx_word' id='word_1_82' title='bbox 750 1370 831 1432; x_wconf 84' lang='lat' dir='ltr'>solus</span> <span class='ocrx_word' id='word_1_83' title='bbox 855 1391 871 1433; x_wconf 92' lang='grc' dir='ltr'>ι</span> <span class='ocrx_word' id='word_1_84' title='bbox 896 1373 1001 1434; x_wconf 85' lang='lat' dir='ltr'>ceteris</span> <span class='ocrx_word' id='word_1_85' title='bbox 1030 1391 1076 1433; x_wconf 87' lang='lat' dir='ltr'>re·</span> 
     </span>
     <span class='ocr_line' id='line_1_15' title="bbox 70 1454 1077 1534; baseline 0.002 -20"><span class='ocrx_word' id='word_1_86' title='bbox 70 1455 175 1530; x_wconf 76' lang='lat' dir='ltr'>lictus,</span> <span class='ocrx_word' id='word_1_87' title='bbox 198 1471 270 1516; x_wconf 87' lang='lat' dir='ltr'>unus</span> <span class='ocrx_word' id='word_1_88' title='bbox 285 1454 393 1514; x_wconf 89' lang='lat' dir='ltr'>initium</span> <span class='ocrx_word' id='word_1_89' title='bbox 410 1454 572 1531; x_wconf 80' lang='lat' dir='ltr'>multorum,</span> <span class='ocrx_word' id='word_1_90' title='bbox 595 1454 742 1514; x_wconf 87' lang='lat' dir='ltr'>solitarius</span> <span class='ocrx_word' id='word_1_91' title='bbox 757 1457 820 1516; x_wconf 86' lang='lat' dir='ltr'>sine</span> <span class='ocrx_word' id='word_1_92' title='bbox 840 1456 959 1534; x_wconf 85' lang='lat' dir='ltr'>ceteris,</span> <span class='ocrx_word' id='word_1_93' title='bbox 977 1458 1077 1517; x_wconf 89' lang='lat' dir='ltr'>unicus</span> 
     </span>
    </p>

    <p class='ocr_par' dir='ltr' id='par_1_9' title="bbox 33 1537 1076 1766">
     <span class='ocr_line' id='line_1_16' title="bbox 33 1537 952 1618; baseline 0.002 -22"><span class='ocrx_word' id='word_1_94' title='bbox 33 1562 58 1602; x_wconf 78' lang='lat'>15</span> <span class='ocrx_word' id='word_1_95' title='bbox 71 1538 124 1616; x_wconf 88' lang='lat' dir='ltr'>qui</span> <span class='ocrx_word' id='word_1_96' title='bbox 138 1546 262 1617; x_wconf 84' lang='lat' dir='ltr'>propter</span> <span class='ocrx_word' id='word_1_97' title='bbox 277 1539 403 1618; x_wconf 88' lang='lat' dir='ltr'>inopiam</span> <span class='ocrx_word' id='word_1_98' title='bbox 417 1538 539 1599; x_wconf 88' lang='lat' dir='ltr'>aliorum</span> <span class='ocrx_word' id='word_1_99' title='bbox 554 1537 691 1616; x_wconf 85' lang='lat' dir='ltr'>idipsum</span> <span class='ocrx_word' id='word_1_100' title='bbox 706 1549 752 1598; x_wconf 85' lang='lat' dir='ltr'>est</span> <span class='ocrx_word' id='word_1_101' title='bbox 768 1538 845 1617; x_wconf 87' lang='lat' dir='ltr'>quod</span> <span class='ocrx_word' id='word_1_102' title='bbox 861 1540 952 1601; x_wconf 89' lang='lat' dir='ltr'>solus.</span> 
     </span>
     <span class='ocr_line' id='line_1_17' title="bbox 139 1621 1076 1701; baseline 0.001 -20"><span class='ocrx_word' id='word_1_103' title='bbox 139 1621 351 1681; x_wconf 72' lang='lat' dir='ltr'><strong>soloecismum</strong></span> <span class='ocrx_word' id='word_1_104' title='bbox 374 1631 404 1681; x_wconf 89' lang='lat' dir='ltr'>et</span> <span class='ocrx_word' id='word_1_105' title='bbox 417 1621 637 1701; x_wconf 78' lang='lat' dir='ltr'>barbarismum]</span> <span class='ocrx_word' id='word_1_106' title='bbox 663 1622 857 1684; x_wconf 86' lang='lat' dir='ltr'>soloecismus</span> <span class='ocrx_word' id='word_1_107' title='bbox 875 1625 904 1683; x_wconf 90' lang='lat' dir='ltr'>in</span> <span class='ocrx_word' id='word_1_108' title='bbox 926 1643 1013 1684; x_wconf 88' lang='lat' dir='ltr'>sensu</span> <span class='ocrx_word' id='word_1_109' title='bbox 1034 1624 1076 1701; x_wconf 81' lang='lat' dir='ltr'>lut,</span> 
     </span>
     <span class='ocr_line' id='line_1_18' title="bbox 69 1705 589 1766; baseline 0.006 -2"><span class='ocrx_word' id='word_1_110' title='bbox 69 1705 267 1765; x_wconf 82' lang='lat' dir='ltr'>barbarismus</span> <span class='ocrx_word' id='word_1_111' title='bbox 282 1708 311 1765; x_wconf 91' lang='lat' dir='ltr'>in</span> <span class='ocrx_word' id='word_1_112' title='bbox 328 1723 413 1766; x_wconf 86' lang='lat' dir='ltr'>voce.</span> <span class='ocrx_word' id='word_1_113' title='bbox 587 1705 589 1708; x_wconf 71' lang='grc'><strong>’</strong></span> 
     </span>
    </p>

    <p class='ocr_par' dir='ltr' id='par_1_10' title="bbox 140 1789 1076 1872">
     <span class='ocr_line' id='line_1_19' title="bbox 140 1789 1076 1872; baseline 0.005 -25"><span class='ocrx_word' id='word_1_114' title='bbox 140 1789 236 1870; x_wconf 85' lang='lat' dir='ltr'>Super</span> <span class='ocrx_word' id='word_1_115' title='bbox 258 1798 287 1850; x_wconf 88' lang='lat' dir='ltr'>et</span> <span class='ocrx_word' id='word_1_116' title='bbox 312 1791 412 1869; x_wconf 78' lang='lat' dir='ltr'>supra}</span> <span class='ocrx_word' id='word_1_117' title='bbox 432 1806 520 1867; x_wconf 87' lang='lat' dir='ltr'>super</span> <span class='ocrx_word' id='word_1_118' title='bbox 549 1792 685 1870; x_wconf 81' lang='lat' dir='ltr'>superior</span> <span class='ocrx_word' id='word_1_119' title='bbox 711 1793 865 1869; x_wconf 83' lang='lat' dir='ltr'>inferiore,</span> <span class='ocrx_word' id='word_1_120' title='bbox 890 1811 977 1872; x_wconf 89' lang='lat' dir='ltr'>supra</span> <span class='ocrx_word' id='word_1_121' title='bbox 998 1791 1076 1872; x_wconf 85' lang='lat' dir='ltr'>quod</span> 
     </span>
    </p>

    <p class='ocr_par' dir='ltr' id='par_1_11' title="bbox 8 1873 1077 2205">
     <span class='ocr_line' id='line_1_20' title="bbox 8 1873 967 1955; baseline 0.002 -22"><span class='ocrx_word' id='word_1_122' title='bbox 8 1875 12 1948; x_wconf 81' lang='lat' dir='ltr'>l</span> <span class='ocrx_word' id='word_1_123' title='bbox 71 1873 248 1934; x_wconf 88' lang='lat' dir='ltr'>substratum</span> <span class='ocrx_word' id='word_1_124' title='bbox 265 1873 372 1952; x_wconf 85' lang='lat' dir='ltr'>aliquid</span> <span class='ocrx_word' id='word_1_125' title='bbox 388 1873 476 1934; x_wconf 85' lang='lat' dir='ltr'>habet</span> <span class='ocrx_word' id='word_1_126' title='bbox 490 1881 538 1933; x_wconf 90' lang='lat' dir='ltr'>aut</span> <span class='ocrx_word' id='word_1_127' title='bbox 551 1874 629 1953; x_wconf 86' lang='lat' dir='ltr'>quod</span> <span class='ocrx_word' id='word_1_128' title='bbox 645 1893 733 1954; x_wconf 87' lang='lat' dir='ltr'>supra</span> <span class='ocrx_word' id='word_1_129' title='bbox 749 1875 818 1955; x_wconf 88' lang='lat' dir='ltr'>quid</span> <span class='ocrx_word' id='word_1_130' title='bbox 831 1877 967 1937; x_wconf 89' lang='lat' dir='ltr'>imminet.</span> 
     </span>
     <span class='ocr_line' id='line_1_21' title="bbox 32 1956 1077 2039; baseline -0.001 -20"><span class='ocrx_word' id='word_1_131' title='bbox 32 1979 60 2019; x_wconf 70' lang='grc' dir='ltr'>ιο</span> <span class='ocrx_word' id='word_1_132' title='bbox 140 1957 228 2017; x_wconf 88' lang='lat' dir='ltr'>Simul</span> <span class='ocrx_word' id='word_1_133' title='bbox 245 1966 274 2016; x_wconf 88' lang='lat' dir='ltr'>et</span> <span class='ocrx_word' id='word_1_134' title='bbox 296 1958 402 2036; x_wconf 88' lang='lat' dir='ltr'>simitu]</span> <span class='ocrx_word' id='word_1_135' title='bbox 427 1956 508 2018; x_wconf 88' lang='lat' dir='ltr'>simul</span> <span class='ocrx_word' id='word_1_136' title='bbox 530 1975 585 2018; x_wconf 91' lang='lat' dir='ltr'>una</span> <span class='ocrx_word' id='word_1_137' title='bbox 606 1959 772 2039; x_wconf 79' lang='lat' dir='ltr'>pariterque</span> <span class='ocrx_word' id='word_1_138' title='bbox 795 1959 1014 2036; x_wconf 72' lang='lat' dir='ltr'>reclamaret,</span> <span class='ocrx_word' id='word_1_139' title='bbox 1046 1969 1077 2019; x_wconf 84' lang='lat' dir='ltr'>ut</span> 
     </span>
     <span class='ocr_line' id='line_1_22' title="bbox 70 2041 1075 2125; baseline 0.003 -24"><span class='ocrx_word' id='word_1_140' title='bbox 70 2041 157 2101; x_wconf 89' lang='lat' dir='ltr'>simul</span> <span class='ocrx_word' id='word_1_141' title='bbox 174 2042 296 2118; x_wconf 84' lang='lat' dir='ltr'>legimus</span> <span class='ocrx_word' id='word_1_142' title='bbox 309 2043 358 2102; x_wconf 83' lang='lat' dir='ltr'>rel</span> <span class='ocrx_word' id='word_1_143' title='bbox 377 2043 544 2112; x_wconf 87' lang='lat' dir='ltr'>scribimus;</span> <span class='ocrx_word' id='word_1_144' title='bbox 566 2042 658 2102; x_wconf 86' lang='lat' dir='ltr'>simitu</span> <span class='ocrx_word' id='word_1_145' title='bbox 677 2041 738 2104; x_wconf 91' lang='lat' dir='ltr'>looi</span> <span class='ocrx_word' id='word_1_146' title='bbox 757 2045 866 2125; x_wconf 77' lang='lat' dir='ltr'>recipit</span> <span class='ocrx_word' id='word_1_147' title='bbox 886 2045 1075 2122; x_wconf 84' lang='lat' dir='ltr'>significatio·</span> 
     </span>
     <span class='ocr_line' id='line_1_23' title="bbox 69 2125 468 2205; baseline 0.008 -21"><span class='ocrx_word' id='word_1_148' title='bbox 69 2143 149 2201; x_wconf 84' lang='lat' dir='ltr'>nem,</span> <span class='ocrx_word' id='word_1_149' title='bbox 162 2135 304 2205; x_wconf 79' lang='lat' dir='ltr'>tamquam</span> <span class='ocrx_word' id='word_1_150' title='bbox 320 2125 403 2186; x_wconf 88' lang='lat' dir='ltr'>simul</span> <span class='ocrx_word' id='word_1_151' title='bbox 419 2128 468 2187; x_wconf 89' lang='lat' dir='ltr'>itu.</span> 
     </span>
    </p>

    <p class='ocr_par' dir='ltr' id='par_1_12' title="bbox 135 2209 1150 2290">
     <span class='ocr_line' id='line_1_24' title="bbox 135 2209 1150 2290; baseline 0.003 -22"><span class='ocrx_word' id='word_1_152' title='bbox 135 2209 259 2270; x_wconf 86' lang='lat' dir='ltr'>Saevum</span> <span class='ocrx_word' id='word_1_153' title='bbox 276 2219 306 2270; x_wconf 89' lang='lat' dir='ltr'>et</span> <span class='ocrx_word' id='word_1_154' title='bbox 327 2209 492 2290; x_wconf 80' lang='lat' dir='ltr'>crudelem]</span> <span class='ocrx_word' id='word_1_155' title='bbox 513 2210 711 2271; x_wconf 65' lang='lat' dir='ltr'>saevusscirca</span> <span class='ocrx_word' id='word_1_156' title='bbox 727 2211 852 2273; x_wconf 88' lang='lat' dir='ltr'>verbera</span> <span class='ocrx_word' id='word_1_157' title='bbox 868 2221 929 2290; x_wconf 84' lang='lat' dir='ltr'>est,</span> <span class='ocrx_word' id='word_1_158' title='bbox 949 2211 1077 2272; x_wconf 89' lang='lat' dir='ltr'>crudelis</span> <span class='ocrx_word' id='word_1_159' title='bbox 1149 2221 1150 2224; x_wconf 75' lang='grc'>’</span> 
     </span>
    </p>

    <p class='ocr_par' dir='ltr' id='par_1_13' title="bbox 33 2295 1073 2522">
     <span class='ocr_line' id='line_1_25' title="bbox 69 2295 413 2372; baseline 0 -20"><span class='ocrx_word' id='word_1_160' title='bbox 69 2302 247 2354; x_wconf 86' lang='lat' dir='ltr'>monstratur</span> <span class='ocrx_word' id='word_1_161' title='bbox 263 2295 413 2372; x_wconf 83' lang='lat' dir='ltr'>sanguine.</span> 
     </span>
     <span class='ocr_line' id='line_1_26' title="bbox 33 2378 1073 2459; baseline 0.007 -28"><span class='ocrx_word' id='word_1_162' title='bbox 33 2391 59 2431; x_wconf 77' lang='lat' dir='ltr'>aa</span> <span class='ocrx_word' id='word_1_163' title='bbox 137 2378 231 2437; x_wconf 86' lang='lat' dir='ltr'>sicet</span> <span class='ocrx_word' id='word_1_164' title='bbox 251 2379 301 2457; x_wconf 83' lang='lat' dir='ltr'>ital</span> <span class='ocrx_word' id='word_1_165' title='bbox 322 2380 365 2438; x_wconf 86' lang='lat' dir='ltr'>sio</span> <span class='ocrx_word' id='word_1_166' title='bbox 379 2379 428 2457; x_wconf 85' lang='lat' dir='ltr'>qui</span> <span class='ocrx_word' id='word_1_167' title='bbox 441 2379 510 2439; x_wconf 88' lang='lat' dir='ltr'>dicit</span> <span class='ocrx_word' id='word_1_168' title='bbox 525 2380 651 2440; x_wconf 85' lang='lat' dir='ltr'>ostendit</span> <span class='ocrx_word' id='word_1_169' title='bbox 672 2379 851 2459; x_wconf 84' lang='lat' dir='ltr'>exemplum,</span> <span class='ocrx_word' id='word_1_170' title='bbox 871 2381 910 2440; x_wconf 87' lang='lat' dir='ltr'>ita</span> <span class='ocrx_word' id='word_1_171' title='bbox 930 2379 966 2439; x_wconf 86' lang='lat' dir='ltr'>al</span> <span class='ocrx_word' id='word_1_172' title='bbox 985 2379 1073 2438; x_wconf 87' lang='lat' dir='ltr'>ratio-</span> 
     </span>
     <span class='ocr_line' id='line_1_27' title="bbox 68 2463 287 2522; baseline 0.005 -2"><span class='ocrx_word' id='word_1_173' title='bbox 68 2480 137 2520; x_wconf 90' lang='lat' dir='ltr'>nem</span> <span class='ocrx_word' id='word_1_174' title='bbox 151 2463 287 2522; x_wconf 82' lang='lat' dir='ltr'>refertur.</span> 
     </span>
    </p>

    <p class='ocr_par' dir='ltr' id='par_1_14' title="bbox 138 2545 1073 2626">
     <span class='ocr_line' id='line_1_28' title="bbox 138 2545 1073 2626; baseline -0.002 -21"><span class='ocrx_word' id='word_1_175' title='bbox 138 2545 248 2606; x_wconf 87' lang='lat' dir='ltr'>Stillam</span> <span class='ocrx_word' id='word_1_176' title='bbox 266 2555 294 2606; x_wconf 88' lang='lat' dir='ltr'>et</span> <span class='ocrx_word' id='word_1_177' title='bbox 311 2548 432 2626; x_wconf 79' lang='lat' dir='ltr'>guttam]</span> <span class='ocrx_word' id='word_1_178' title='bbox 447 2554 527 2624; x_wconf 82' lang='lat' dir='ltr'>gutta</span> <span class='ocrx_word' id='word_1_179' title='bbox 543 2547 674 2610; x_wconf 90' lang='lat' dir='ltr'>imbrium</span> <span class='ocrx_word' id='word_1_180' title='bbox 693 2556 746 2624; x_wconf 84' lang='lat' dir='ltr'>est,</span> <span class='ocrx_word' id='word_1_181' title='bbox 764 2548 841 2608; x_wconf 86' lang='lat' dir='ltr'>stilla</span> <span class='ocrx_word' id='word_1_182' title='bbox 858 2547 915 2609; x_wconf 93' lang='lat' dir='ltr'>olei</span> <span class='ocrx_word' id='word_1_183' title='bbox 927 2545 975 2606; x_wconf 82' lang='lat' dir='ltr'>vel</span> <span class='ocrx_word' id='word_1_184' title='bbox 988 2547 1073 2606; x_wconf 86' lang='lat' dir='ltr'>aceti.</span> 
     </span>
    </p>

    <p class='ocr_par' dir='ltr' id='par_1_15' title="bbox 69 2629 1075 2795">
     <span class='ocr_line' id='line_1_29' title="bbox 133 2629 1075 2712; baseline 0.001 -24"><span class='ocrx_word' id='word_1_185' title='bbox 133 2629 296 2690; x_wconf 85' lang='lat' dir='ltr'>Terminum</span> <span class='ocrx_word' id='word_1_186' title='bbox 313 2640 342 2691; x_wconf 85' lang='lat' dir='ltr'>et</span> <span class='ocrx_word' id='word_1_187' title='bbox 358 2631 455 2709; x_wconf 87' lang='lat' dir='ltr'>linem]</span> <span class='ocrx_word' id='word_1_188' title='bbox 471 2633 609 2690; x_wconf 86' lang='lat' dir='ltr'>terminus</span> <span class='ocrx_word' id='word_1_189' title='bbox 624 2632 739 2690; x_wconf 90' lang='lat' dir='ltr'>nonnisi</span> <span class='ocrx_word' id='word_1_190' title='bbox 757 2649 841 2692; x_wconf 92' lang='lat' dir='ltr'>manu</span> <span class='ocrx_word' id='word_1_191' title='bbox 859 2634 993 2712; x_wconf 80' lang='lat' dir='ltr'>ponitur,</span> <span class='ocrx_word' id='word_1_192' title='bbox 1010 2631 1075 2690; x_wconf 89' lang='lat' dir='ltr'>linis</span> 
     </span>
     <span class='ocr_line' id='line_1_30' title="bbox 69 2713 974 2795; baseline 0.002 -23"><span class='ocrx_word' id='word_1_193' title='bbox 69 2716 215 2774; x_wconf 86' lang='lat' dir='ltr'>sermonis</span> <span class='ocrx_word' id='word_1_194' title='bbox 228 2713 277 2774; x_wconf 82' lang='lat' dir='ltr'>vel</span> <span class='ocrx_word' id='word_1_195' title='bbox 293 2714 448 2794; x_wconf 88' lang='lat' dir='ltr'>voluptatis</span> <span class='ocrx_word' id='word_1_196' title='bbox 464 2723 511 2776; x_wconf 88' lang='lat' dir='ltr'>aut</span> <span class='ocrx_word' id='word_1_197' title='bbox 526 2715 646 2776; x_wconf 87' lang='lat' dir='ltr'>alicuius</span> <span class='ocrx_word' id='word_1_198' title='bbox 659 2717 702 2774; x_wconf 88' lang='lat' dir='ltr'>rei</span> <span class='ocrx_word' id='word_1_199' title='bbox 718 2715 851 2792; x_wconf 78' lang='lat' dir='ltr'>intellegi</span> <span class='ocrx_word' id='word_1_200' title='bbox 867 2723 974 2795; x_wconf 87' lang='lat' dir='ltr'>potest.</span> 
     </span>
    </p>

    <p class='ocr_par' dir='ltr' id='par_1_16' title="bbox 32 2797 1071 3026">
     <span class='ocr_line' id='line_1_31' title="bbox 32 2797 1071 2878; baseline -0.006 -16"><span class='ocrx_word' id='word_1_201' title='bbox 32 2821 59 2862; x_wconf 87' lang='lat' dir='ltr'>ao</span> <span class='ocrx_word' id='word_1_202' title='bbox 135 2797 231 2876; x_wconf 75' lang='lat' dir='ltr'>Terga</span> <span class='ocrx_word' id='word_1_203' title='bbox 260 2807 289 2858; x_wconf 91' lang='lat' dir='ltr'>et</span> <span class='ocrx_word' id='word_1_204' title='bbox 308 2799 439 2878; x_wconf 83' lang='lat' dir='ltr'>tergora]</span> <span class='ocrx_word' id='word_1_205' title='bbox 463 2809 547 2877; x_wconf 84' lang='lat' dir='ltr'>terga</span> <span class='ocrx_word' id='word_1_206' title='bbox 569 2798 727 2875; x_wconf 84' lang='lat' dir='ltr'>hominum,</span> <span class='ocrx_word' id='word_1_207' title='bbox 750 2807 870 2875; x_wconf 83' lang='lat' dir='ltr'>tergora</span> <span class='ocrx_word' id='word_1_208' title='bbox 896 2797 1071 2866; x_wconf 67' lang='lat' dir='ltr'>animalium</span> 
     </span>
     <span class='ocr_line' id='line_1_32' title="bbox 70 2882 1071 2961; baseline -0.003 -19"><span class='ocrx_word' id='word_1_209' title='bbox 70 2892 101 2942; x_wconf 89' lang='lat' dir='ltr'>et</span> <span class='ocrx_word' id='word_1_210' title='bbox 118 2884 145 2940; x_wconf 89' lang='lat' dir='ltr'>in</span> <span class='ocrx_word' id='word_1_211' title='bbox 162 2901 282 2944; x_wconf 90' lang='lat' dir='ltr'>numero</span> <span class='ocrx_word' id='word_1_212' title='bbox 299 2883 436 2960; x_wconf 81' lang='lat' dir='ltr'>singulari</span> <span class='ocrx_word' id='word_1_213' title='bbox 451 2891 565 2961; x_wconf 82' lang='lat' dir='ltr'>tergum</span> <span class='ocrx_word' id='word_1_214' title='bbox 581 2882 704 2944; x_wconf 88' lang='lat' dir='ltr'>hominis</span> <span class='ocrx_word' id='word_1_215' title='bbox 720 2882 840 2942; x_wconf 85' lang='lat' dir='ltr'>dicimus</span> <span class='ocrx_word' id='word_1_216' title='bbox 857 2892 886 2944; x_wconf 84' lang='lat' dir='ltr'>et</span> <span class='ocrx_word' id='word_1_217' title='bbox 897 2892 999 2960; x_wconf 78' lang='lat' dir='ltr'>tergus</span> <span class='ocrx_word' id='word_1_218' title='bbox 1013 2883 1071 2942; x_wconf 91' lang='lat' dir='ltr'>ani-</span> 
     </span>
     <span class='ocr_line' id='line_1_33' title="bbox 68 2966 163 3026; baseline 0 0"><span class='ocrx_word' id='word_1_219' title='bbox 68 2966 163 3026; x_wconf 89' lang='lat' dir='ltr'>malis.</span> 
     </span>
    </p>

    <p class='ocr_par' dir='ltr' id='par_1_17' title="bbox 70 3049 1072 3213">
     <span class='ocr_line' id='line_1_34' title="bbox 136 3049 1072 3131; baseline 0 -21"><span class='ocrx_word' id='word_1_220' title='bbox 136 3049 208 3110; x_wconf 82' lang='lat' dir='ltr'>l&#39;um</span> <span class='ocrx_word' id='word_1_221' title='bbox 224 3060 253 3110; x_wconf 86' lang='lat' dir='ltr'>et</span> <span class='ocrx_word' id='word_1_222' title='bbox 261 3050 341 3130; x_wconf 88' lang='lat' dir='ltr'>tanc]</span> <span class='ocrx_word' id='word_1_223' title='bbox 354 3060 411 3111; x_wconf 89' lang='lat' dir='ltr'>tum</span> <span class='ocrx_word' id='word_1_224' title='bbox 429 3052 538 3112; x_wconf 86' lang='lat' dir='ltr'>ordinis</span> <span class='ocrx_word' id='word_1_225' title='bbox 552 3049 646 3112; x_wconf 82' lang='lat' dir='ltr'>babet</span> <span class='ocrx_word' id='word_1_226' title='bbox 656 3051 909 3131; x_wconf 76' lang='lat' dir='ltr'>significationem,</span> <span class='ocrx_word' id='word_1_227' title='bbox 923 3061 990 3112; x_wconf 84' lang='lat' dir='ltr'>tunc</span> <span class='ocrx_word' id='word_1_228' title='bbox 1003 3059 1072 3110; x_wconf 89' lang='lat' dir='ltr'>tem·</span> 
     </span>
     <span class='ocr_line' id='line_1_35' title="bbox 70 3151 829 3213; baseline 0.001 -19"><span class='ocrx_word' id='word_1_229' title='bbox 70 3151 163 3213; x_wconf 84' lang='lat' dir='ltr'>porus.</span> <span class='ocrx_word' id='word_1_230' title='bbox 827 3183 829 3186; x_wconf 90' lang='lat'>.</span> 
     </span>
    </p>

    <p class='ocr_par' dir='ltr' id='par_1_18' title="bbox 32 3217 1071 3383">
     <span class='ocr_line' id='line_1_36' title="bbox 32 3217 1071 3298; baseline -0.008 -15"><span class='ocrx_word' id='word_1_231' title='bbox 32 3243 60 3284; x_wconf 74' lang='lat' dir='ltr'>aa</span> <span class='ocrx_word' id='word_1_232' title='bbox 92 3223 102 3245; x_wconf 59' lang='lat'><strong>⁸</strong></span> <span class='ocrx_word' id='word_1_233' title='bbox 135 3217 249 3278; x_wconf 82' lang='lat' dir='ltr'>Tenere</span> <span class='ocrx_word' id='word_1_234' title='bbox 265 3229 295 3279; x_wconf 87' lang='lat' dir='ltr'>et</span> <span class='ocrx_word' id='word_1_235' title='bbox 313 3239 427 3279; x_wconf 87' lang='lat' dir='ltr'>sumere</span> <span class='ocrx_word' id='word_1_236' title='bbox 439 3229 468 3280; x_wconf 89' lang='lat' dir='ltr'>et</span> <span class='ocrx_word' id='word_1_237' title='bbox 484 3223 546 3281; x_wconf 87' lang='lat' dir='ltr'>acci</span> <span class='ocrx_word' id='word_1_238' title='bbox 570 3220 632 3298; x_wconf 86' lang='lat' dir='ltr'>ere]</span> <span class='ocrx_word' id='word_1_239' title='bbox 652 3229 783 3280; x_wconf 88' lang='lat' dir='ltr'>tenemus</span> <span class='ocrx_word' id='word_1_240' title='bbox 802 3237 877 3298; x_wconf 84' lang='lat' dir='ltr'>quae</span> <span class='ocrx_word' id='word_1_241' title='bbox 895 3226 960 3278; x_wconf 90' lang='lat' dir='ltr'>sunt</span> <span class='ocrx_word' id='word_1_242' title='bbox 976 3219 1004 3276; x_wconf 91' lang='lat' dir='ltr'>in</span> <span class='ocrx_word' id='word_1_243' title='bbox 1020 3234 1071 3276; x_wconf 91' lang='lat' dir='ltr'>no-</span> 
     </span>
     <span class='ocr_line' id='line_1_37' title="bbox 71 3240 1071 3383; baseline -0.002 -23"><span class='ocrx_word' id='word_1_244' title='bbox 71 3311 131 3362; x_wconf 88' lang='lat' dir='ltr'>stra</span> <span class='ocrx_word' id='word_1_245' title='bbox 151 3311 312 3381; x_wconf 82' lang='lat' dir='ltr'>potestate,</span> <span class='ocrx_word' id='word_1_246' title='bbox 335 3306 468 3364; x_wconf 90' lang='lat' dir='ltr'>sumimus</span> <span class='ocrx_word' id='word_1_247' title='bbox 486 3240 599 3383; x_wconf 45' lang='lat' dir='ltr'>ponsa,</span> <span class='ocrx_word' id='word_1_248' title='bbox 623 3305 783 3383; x_wconf 85' lang='lat' dir='ltr'>accipimus</span> <span class='ocrx_word' id='word_1_249' title='bbox 800 3303 865 3364; x_wconf 87' lang='lat' dir='ltr'>data</span> <span class='ocrx_word' id='word_1_250' title='bbox 888 3302 937 3361; x_wconf 87' lang='lat' dir='ltr'>vel</span> <span class='ocrx_word' id='word_1_251' title='bbox 957 3301 993 3362; x_wconf 92' lang='lat' dir='ltr'>ab</span> <span class='ocrx_word' id='word_1_252' title='bbox 1012 3299 1071 3361; x_wconf 90' lang='lat' dir='ltr'>alio</span> 
     </span>
    </p>
   </div>
   <div class='ocr_carea' id='block_1_3' title="bbox 71 3383 1073 3550">
    <p class='ocr_par' dir='ltr' id='par_1_19' title="bbox 71 3383 1073 3550">
     <span class='ocr_line' id='line_1_38' title="bbox 71 3383 1071 3466; baseline -0.004 -20"><span class='ocrx_word' id='word_1_253' title='bbox 71 3396 211 3465; x_wconf 87' lang='lat' dir='ltr'>accepta;</span> <span class='ocrx_word' id='word_1_254' title='bbox 227 3387 274 3446; x_wconf 83' lang='lat' dir='ltr'>vei</span> <span class='ocrx_word' id='word_1_255' title='bbox 290 3397 420 3448; x_wconf 87' lang='lat' dir='ltr'>tenemus</span> <span class='ocrx_word' id='word_1_256' title='bbox 437 3398 465 3447; x_wconf 90' lang='lat' dir='ltr'>et</span> <span class='ocrx_word' id='word_1_257' title='bbox 480 3390 616 3448; x_wconf 91' lang='lat' dir='ltr'>sumimus</span> <span class='ocrx_word' id='word_1_258' title='bbox 632 3388 758 3464; x_wconf 86' lang='lat' dir='ltr'>anobis,</span> <span class='ocrx_word' id='word_1_259' title='bbox 777 3387 935 3466; x_wconf 86' lang='lat' dir='ltr'>accipimus</span> <span class='ocrx_word' id='word_1_260' title='bbox 951 3383 986 3446; x_wconf 85' lang='lat' dir='ltr'>ab</span> <span class='ocrx_word' id='word_1_261' title='bbox 1004 3385 1071 3450; x_wconf 89' lang='lat' dir='ltr'>alio.</span> 
     </span>
     <span class='ocr_line' id='line_1_39' title="bbox 135 3469 1073 3550; baseline -0.002 -20"><span class='ocrx_word' id='word_1_262' title='bbox 135 3469 258 3532; x_wconf 82' lang='lat' dir='ltr'>Tardum</span> <span class='ocrx_word' id='word_1_263' title='bbox 285 3474 398 3550; x_wconf 79' lang='lat' dir='ltr'>pigrum</span> <span class='ocrx_word' id='word_1_264' title='bbox 427 3475 547 3532; x_wconf 86' lang='lat' dir='ltr'>inertem</span> <span class='ocrx_word' id='word_1_265' title='bbox 571 3481 600 3532; x_wconf 89' lang='lat' dir='ltr'>et</span> <span class='ocrx_word' id='word_1_266' title='bbox 624 3472 757 3550; x_wconf 87' lang='lat' dir='ltr'>segnem]</span> <span class='ocrx_word' id='word_1_267' title='bbox 778 3471 878 3531; x_wconf 90' lang='lat' dir='ltr'>tardus</span> <span class='ocrx_word' id='word_1_268' title='bbox 900 3471 1002 3531; x_wconf 90' lang='lat' dir='ltr'>dicitur</span> <span class='ocrx_word' id='word_1_269' title='bbox 1024 3469 1073 3549; x_wconf 88' lang='lat' dir='ltr'>qui</span> 
     </span>
    </p>
   </div>
   <div class='ocr_carea' id='block_1_4' title="bbox 0 0 1212 3876">
    <p class='ocr_par' dir='ltr' id='par_1_20' title="bbox 0 0 1212 3876">
     <span class='ocr_line' id='line_1_40' title="bbox 0 0 1212 3876; baseline 0 1"><span class='ocrx_word' id='word_1_270' title='bbox 0 0 1212 3876; x_wconf 95' lang='lat' dir='ltr'> </span> 
     </span>
    </p>
   </div>
  </div>
 </body>
</html>
