2412 3876
487 231 591 280 mvus
614 232 740 282 IULIUS.
1074 223 1113 286 31

106 405 177 447 usus
192 385 388 446 dominatione
408 395 438 447 et
458 388 520 446 iure
538 404 642 452 caesus
660 389 850 450 existimetur.
893 386 960 450 Non
975 390 1050 450 enim
1063 387 1116 454 bo·

5 485 7 532 3
105 488 197 532 nores
216 470 303 533 modo
321 472 426 531 nimios
447 472 576 550 recepit:
604 475 769 534 continuum
791 473 988 552 consulatum,
1007 491 1114 554 perpe·

4 563 5 570 ’
104 566 183 618 tuam
202 554 386 634 dictaturam,
409 555 680 636 praefecturamque
701 573 825 634 morum,
847 559 966 636 insuper
990 574 1115 638 praeno·

61 672 69 687 ·
104 657 172 701 men
197 639 403 719 Imperatoris,
434 655 598 718 cognomen
620 640 713 703 Patris
740 643 866 722 patriae,
892 650 1014 703 statuant
1038 643 1117 702 inter

78 743 213 804 ereges,
239 725 458 802 suggesturum
478 722 644 796 orchestra;
672 726 724 786 sed
745 735 774 786 et
794 724 937 806 ampliora
957 726 1043 786 etiam
1063 725 1114 786 hu-

103 825 190 868 mano
206 807 326 885 iasdgio
342 807 534 894 decernisuibi
549 827 653 894 passus
668 819 728 870 est:
748 810 848 872 sedern
862 811 1020 872 aureamin
1034 811 1116 870 curia

104 901 134 954 et
149 909 205 972 pro
220 891 372 970 tribunali,
390 885 544 954 tensam'et
557 893 698 954 ferculum
715 895 840 956 circensi
854 911 976 974 pompa,
993 893 1115 972 templa,

104 995 185 1053 aras,
208 975 362 1037 simulacra
383 979 463 1038 iuxta
484 976 574 1054 deos,
600 977 749 1057 pulvinar,
776 978 934 1056 flaminem,
960 979 1113 1057 lupercos,

105 1058 333 1142 appellationem
349 1061 458 1122 mensis
474 1081 490 1120 e
511 1077 563 1121 suo
579 1063 711 1133 nomina;
732 1081 767 1124 ac
791 1062 887 1132 nullos
908 1079 966 1140 pon
981 1061 1115 1123 bonores

65 1164 94 1206 ro
105 1145 142 1207 ad
158 1143 306 1207 libidinem
327 1146 407 1225 cepit
420 1154 450 1206 et
463 1144 550 1206 dedit.
594 1145 722 1206 Tertium
737 1155 767 1207 et
785 1154 916 1226 quartum
933 1146 1112 1208 consulatum

103 1229 190 1290 titulo
209 1238 294 1289 tenus
312 1231 422 1307 gessit,
445 1237 599 1291 contentus
622 1229 781 1292 dictaturae
803 1238 949 1310 potestate
972 1230 1112 1291 decretae

104 1331 170 1375 cum
188 1312 386 1374 consulatibus
401 1313 500 1390 simul,
521 1322 607 1393 atque
627 1324 751 1396 utroque
766 1319 846 1377 'anno
867 1315 952 1376 binos
974 1311 1112 1375 consules

104 1398 251 1460 substituit
265 1397 321 1457 sibi
335 1399 365 1458 in
379 1407 479 1460 ternos
490 1399 666 1460 novissimos
677 1417 810 1477 menses,
830 1401 869 1460 ita
885 1406 916 1459 ut
929 1397 1026 1458 medio
1040 1406 1111 1458 tem·

103 1501 180 1564 pore
201 1483 317 1544 comitia
338 1481 415 1543 nulla
436 1481 569 1544 babuerit
593 1493 713 1563 praeter
729 1484 907 1544 tribunorum
928 1492 958 1544 et
976 1481 1111 1544 aedilium

62 1566 215 1649 replebis,
239 1565 467 1646 praefectosque
488 1582 543 1646 pro
564 1567 748 1648 praetoribus
771 1569 969 1644 constituerit,
991 1569 1039 1646 qui
1061 1584 1110 1647 ap·

103 1660 189 1712 sente
212 1669 246 1710 se
266 1668 316 1710 res
337 1651 462 1711 urbanas
483 1649 723 1713 administrarent.
767 1649 863 1712 Pridie
887 1660 982 1710 antem
1004 1649 1136 1726 Kalen-g,

103 1737 157 1797 das
169 1735 316 1797 Ianuarias
331 1736 483 1815 repentina
496 1736 624 1796 consulis
639 1744 731 1795 morte
746 1744 910 1798 cessantem
925 1732 1133 1824 honoremini
1178 1739 1183 1746 '

102 1837 213 1902 paucas
236 1819 325 1880 boras
347 1820 458 1898 petenti
482 1818 571 1880 dedit.
615 1819 725 1880 Eadem
748 1819 866 1880 lieentia
886 1826 988 1897 spreto
1014 1819 1109 1897 patrio

101 1921 201 1983 more,
217 1905 403 1981 magistratus
417 1904 446 1963 in
461 1901 553 1982 pluris
567 1921 658 1964 annos
673 1902 833 1977 ordinavit,
847 1903 950 1962 decem
963 1901 1110 1982 praetoris

62 1990 174 2052 rosiris
190 1987 353 2050 consularia
370 1997 537 2058 ornamenta
551 1987 665 2065 tribuit,
682 1987 800 2048 civitate
817 1985 958 2062 donatos,
978 1993 1008 2047 et
1022 2000 1108 2064 quos-

102 2075 167 2134 dam
181 2091 198 2133 e
213 2071 419 2133 semibarbaris
433 2070 596 2148 Gallorum,
618 2073 733 2152 recepit
746 2073 776 2131 in
791 2072 911 2132 curiam.
952 2069 1109 2132 Praeterea

101 2165 237 2218 monetae
257 2155 440 2238 publicisque
464 2156 658 2233 vectigalibus
678 2155 844 2236 peculiares
863 2171 968 2216 seruos
983 2170 1109 2242 praepo-

102 2243 170 2302 suit.
205 2241 303 2301 Trium
316 2240 479 2318 legionum,
494 2257 565 2319 quas
579 2239 783 2301 Alexandreae
797 2237 996 2320 relinquebat,
1012 2253 1109 2301 euram
1200 2273 1202 2278 -

102 2334 134 2386 et
147 2327 299 2405 imperium
310 2323 405 2385 Rufini
420 2323 517 2385 liberti
531 2325 574 2385 sui
590 2322 666 2402 lilio,
682 2323 818 2403 exsoleto
833 2340 902 2399 suo,
916 2322 1107 2385 demandavit.
1156 2333 1160 2344 ¹

63 2409 167 2472 asNec
192 2409 311 2470 minoris
334 2410 514 2488 inpotentiae
536 2427 628 2469 uoces
651 2407 803 2488 propalam
825 2405 951 2482 edebat,
977 2416 1008 2465 nt
1027 2405 1107 2468 Titus
1116 2415 1150 2472 77

102 2494 224 2574 Ampius
246 2491 362 2570 scribit,
389 2491 477 2554 Nttrtt
498 2510 566 2556 esee
584 2510 650 2553 rem
671 2491 846 2572 publicam,
869 2490 1110 2568 appellationem

102 2577 195 2640 modo
218 2576 288 2639 sinc
309 2595 443 2656 corpore
469 2595 510 2638 oc
528 2577 640 2656 specie.
682 2575 802 2636 Sullam
820 2574 959 2636 octobre
976 2573 1108 2650 litteras,

103 2664 157 2742 qut'
170 2662 358 2723 dictatus-om
372 2661 564 2740 deposuerit:
591 2659 713 2722 Debere
726 2657 864 2721 dominer
879 2657 1112 2720 consideratius

102 2747 166 2807 ium
183 2746 269 2826 toqui
281 2763 398 2823 semum,
427 2762 467 2806 ce
482 2763 544 2824 pro
564 2743 683 2825 lepidus
696 2741 812 2806 babere
826 2760 908 2824 quoe
921 2741 1015 2804 dicat.
1049 2742 1108 2803 Eo·

66 2848 93 2889 rc
103 2849 160 2912 que
175 2831 359 2908 arrogantiae
379 2846 557 2910 progressus
571 2837 634 2905 est,
655 2837 703 2906 ut,
723 2827 879 2908 haruspice
893 2828 986 2888 tristia
1000 2835 1030 2888 et
1044 2827 1109 2886 sine

103 2915 194 2975 corde
208 2923 274 2975 exta
287 2913 430 2992 quondam
443 2915 604 2990 nuntiante,
618 2911 729 2992 futuro
741 2913 854 2974 diceret
869 2911 1020 2988 laetiora,
1040 2929 1109 2972 emm

100 3000 192 3062 veltet
199 3023 214 3070 ;
226 3017 283 3059 nec
294 3017 356 3076 pro
371 3006 489 3060 ostento
504 2996 691 3075 ducendum,
706 2997 736 3058 εἰ
746 2996 862 3076 pecudi
874 3015 930 3060 cor
947 2995 1106 3075 defuisset.

144 3075 276 3178 'Verpm
296 3085 484 3163 praecipuam
503 3092 532 3143 et
547 3081 724 3143 exitiabilem
745 3081 800 3142 sibi
815 3081 950 3142 invidiam
968 3079 1036 3141 binc
1050 3097 1107 3140 ma·
1115 3090 1152 3144 78

98 3165 179 3230 xime
193 3170 293 3229 movit.
322 3166 465 3229 Adeuntis
480 3185 513 3227 se
530 3183 593 3228 cunr
605 3165 736 3246 plurimis
746 3163 1107 3242 honorificentissimisque
1201 3237 1204 3244 Ι

67 3249 232 3315 esdecre'tis
252 3253 408 3313 universos
426 3261 525 3332 patres
546 3253 734 3331 conscriptos
754 3252 860 3312 sedens
881 3267 936 3331 pro
959 3248 1033 3310 aede
1048 3249 1106 3308 Ve-

101 3339 183 3400 neris
198 3337 361 3399 Genetricis
383 3337 513 3416 excepit.
557 3334 677 3411 Quidam
696 3344 795 3415 putant
808 3342 950 3396 retentum
965 3351 982 3393 a
997 3330 1109 3392 (lorne-

102 3422 143 3483 lio
157 3419 268 3498 Balbo,
284 3438 348 3481 cum
361 3427 516 3482 conaretur
529 3437 702 3498 assurgere:
719 3418 783 3497 alii,
795 3437 833 3479 ne
849 3426 981 3480 conatum
992 3415 1108 3496 quidem
1136 3429 1138 3436 ·

103 3507 236 3586 omnino,
258 3504 312 3566 sed
332 3507 419 3566 edam
439 3504 640 3566 admonentem
662 3504 761 3565 Gaium
780 3501 944 3564 Trebatium
966 3509 998 3562 ut
1012 3518 1108 3562 assur·
