2444 3872
549 139 721 232 aduentus.
1068 170 1128 230 105

120 336 270 398 seductum
286 343 507 414 constupraret,
530 335 672 413 simulque
688 334 806 395 tratrem
822 335 885 396 eius
898 335 1062 407 tibicinem
1086 343 1127 398 at·

121 439 178 501 11111
194 422 308 498 utrique
322 437 404 496 mox,
427 419 506 498 quod
520 425 617 480 mutuo
633 419 772 496 flagitium
789 418 1019 498 exprobrarant,
1043 436 1128 480 crura

119 505 258 582 fregisse.
285 503 467 566 Feminarum
483 520 612 582 quoque,
628 503 787 582 etquidem
803 503 967 580 illustrium,
983 505 1126 582 capitibus
1134 517 1173 574 ts

121 596 228 668 quanto
242 605 334 667 opere
348 587 452 648 solitus
467 589 503 647 sit
517 587 660 662 inludere,
673 587 890 648 evidentissime
908 590 1042 666 apparuit
1055 589 1126 652 hial-

96 671 218 732 sloniae
230 671 376 734 cuiusdam
386 672 474 748 exitu,
491 689 576 750 quam
587 671 756 750 perductam
768 689 825 732 nec
838 673 992 751 quicquam
1003 673 1128 752 amplius

119 756 182 836 pati
208 755 440 816 constantissime
467 764 650 818 recusantem
674 755 853 817 delatoribus
879 755 1003 832 obiecit,
1030 774 1065 817 ao
1090 775 1128 816 ne
1154 796 1156 807 ,

117 857 200 899 ream
216 838 330 917 quidem
345 839 534 917 interpellare
552 838 653 916 desiit,
668 840 774 919 ecquid
788 841 966 918 paeniteret:
983 840 1078 900 donee
1093 855 1128 900 ea

117 922 225 984 relicto
240 922 348 983 iudicio
365 921 479 983 domum
494 941 527 984 se
541 922 667 1001 abripuit
680 924 819 1001 ferroque
835 927 988 1001 transegit,
1005 923 1127 984 obscae-

8 1019 9 1022 ’
120 1007 211 1068 nitate
233 1007 293 1068 oris
314 1004 426 1066 hirsuto
448 1016 535 1086 atque
551 1007 630 1068 olido
646 1008 710 1067 seni
726 1005 805 1066 clare
822 1006 1011 1086 exprobrata.
1043 1007 1128 1070 Unde

85 1107 203 1150 rumora
223 1091 251 1150 in
266 1089 432 1151 Atellanico
448 1089 590 1168 exhodio,
615 1091 755 1169 proximis
771 1089 845 1150 ludis
860 1091 985 1152 adsensu
1002 1092 1128 1152 maximo

8 1169 10 1178 ’
120 1183 266 1318 pantapte,
292 1174 491 1253 percrebruit,
521 1174 639 1235 bircam
663 1175 796 1236 cerotum
821 1173 955 1254 Capreis
980 1181 1127 1245 neutrum

132 1276 277 1338 sparsere.

184 1341 329 1402 Pecuniae
350 1360 455 1421 parcus
476 1361 511 1403 ac
531 1352 635 1419 tenax,
657 1344 779 1404 comites
795 1344 1060 1422 peregrinationum
1074 1355 1173 1410 err-ts

121 1425 358 1506 peditionumqne
373 1443 525 1504 numquam
542 1427 665 1505 salario,
685 1427 804 1487 cibariis
821 1437 928 1488 tantum
944 1429 1127 1507 sustentavit,

83 1527 111 1569 ts
121 1527 179 1569 una
193 1508 279 1570 modo
297 1508 471 1570 liberalitate
487 1529 525 1572 ex
546 1511 723 1588 indulgentia
738 1512 832 1571 vitrici
846 1522 1037 1591 prosecutus,
1062 1527 1127 1572 cum

8 1651 10 1666 2
120 1591 214 1652 tribus
230 1593 372 1654 classibus
387 1593 472 1653 lactis
484 1612 538 1672 pro
551 1594 691 1672 dignitate
703 1596 853 1672 cuiusque,
870 1597 979 1674 primae
991 1605 1127 1656 sescenta

118 1677 274 1762 sestertia,
296 1677 441 1762 secundae
464 1677 673 1757 quadringenta
695 1678 853 1755 distribuit,
874 1679 997 1739 ducenta
1012 1681 1126 1757 tertiae,

8 1763 10 1844 ξ
121 1778 207 1840 quarn
222 1776 280 1820 non
294 1761 465 1838 amicorum,
481 1761 534 1823 sed
549 1771 698 1839 gratorum
712 1762 889 1841 appellabat.

182 1843 323 1923 Princeps
343 1863 440 1924 usque
461 1862 552 1924 opera
573 1844 632 1906 ulla
653 1847 806 1923 magnilica
822 1847 893 1907 lecit
909 1848 990 1926 (nam
1006 1855 1035 1904 et
1051 1844 1171 1924 11111147

8 1883 10 1938 ἑ
82 1928 185 1992 ausula
206 1936 393 2007 susceperat,
415 1928 540 2007 Augusti
561 1929 699 2009 templum
719 1931 987 2009 restitutionemque
1003 1926 1126 2010 Pompe·

119 2013 179 2074 iani
201 2012 321 2089 theatri,
342 2013 513 2091 imperfecta
534 2022 602 2093 post
625 2023 669 2075 tot
691 2031 782 2074 annos
794 2014 926 2093 reliquit)
948 2031 1044 2092 neque
1060 2031 1126 2092 spe·

8 2157 10 2164 ,
121 2095 235 2157 otaenla
251 2097 364 2158 omuino
381 2097 483 2167 edidit;
500 2107 529 2158 et
544 2099 590 2174 iis,
606 2115 680 2176 qnae
695 2098 731 2158 ab
747 2099 844 2177 aliquo
863 2098 1028 2176 ederentur,
1040 2101 1126 2157 raris·

8 2237 9 2240 ,
120 2181 194 2242 sime
216 2180 359 2258 interfuit,
381 2197 417 2241 nc
442 2180 509 2259 quid
530 2191 758 2260 exposceretur,
780 2183 878 2261 utique
900 2190 1055 2262 postquam
1077 2199 1126 2242 co-

119 2262 255 2324 moedum
261 2263 376 2324 Actium
389 2273 509 2326 coactus
520 2275 565 2326 est
572 2268 779 2327 manumittere.
793 2267 954 2327 Paucorum
962 2275 1129 2326 senatorum

82 2348 223 2427 aeiuopia
243 2356 416 2426 sustentata,
437 2367 475 2408 ne
495 2348 626 2428 pluribus
647 2367 733 2430 opem
748 2351 855 2427 ferret,
876 2352 996 2428 negavit
1013 2367 1046 2410 se
1063 2349 1128 2424 aliis

121 2430 346 2508 subventurum,
371 2432 427 2491 nisi
453 2436 565 2494 senatui
588 2434 678 2494 iustas
697 2436 914 2494 necessitatium
933 2449 1036 2493 causas
1059 2450 1127 2511 pro·

120 2515 252 2576 bassent.
284 2515 350 2590 Quo
367 2524 452 2594 pacto
468 2517 627 2597 plerosque
645 2518 832 2578 modestiaet
848 2517 959 2597 pudore
976 2515 1126 2592 deterruit,

8 2643 10 2664 1
120 2597 275 2678 inquibus
297 2598 464 2677 Hortalum,
487 2601 584 2676 Quinti
598 2601 736 2662 Hortensi
759 2602 883 2662 oratoris
903 2607 1057 2679 nepotem,
1079 2599 1128 2678 qui

8 2717 13 2844 ᾖ

120 2681 291 2828 permodica
313 2702 346 2742 re
369 2683 503 2768 familiari
525 2694 645 2746 auctore
660 2685 795 2763 Angusto
810 2694 944 2764 quattuor
959 2683 1070 2744 liberos
1085 2691 1126 2742 tu·
1145 2770 1147 2779 Ι

84 2791 112 2836 ³⁰
133 2775 304 2911 eradlublicc
330 2853 551 2914 munificentiam
578 2853 624 2914 bis
651 2855 767 2914 omnino
795 2853 939 2930 exhibuit,
972 2800 1173 2932 propositods

120 2935 217 2996 milies
239 2936 383 2996 sestertio*
395 2939 522 3014 gratuito
539 2939 568 2996 in
582 2939 687 2998 trienni
701 2946 830 3017 tempus,
852 2946 882 2996 et
895 2956 995 2998 rursus
1010 2935 1126 3016 quibus·

8 3025 9 3030 ’
121 3019 191 3082 dam,
211 3017 335 3080 dominis
350 3021 522 3097 insularum,
541 3038 615 3099 quae
640 3023 668 3081 in
687 3031 784 3081 monte
802 3019 903 3083 Caelio
921 3021 1126 3098 deflagrarant,

121 3103 219 3183 pretio
235 3105 379 3164 restituto.
413 3105 542 3179 Quorum
558 3106 679 3178 alterum
697 3123 801 3184 magna
818 3105 987 3166 dillicultate
1001 3120 1125 3163 numma-

85 3188 186 3267 stria,¹
203 3186 314 3266 populo
336 3189 472 3251 auxilium
491 3189 654 3268 flagitante,
672 3199 791 3250 coactus
810 3197 855 3250 est
869 3189 977 3266 lacere,
995 3205 1058 3248 oum
1072 3203 1127 3265 per

8 3313 9 3318 κ
120 3280 241 3348 senatus
256 3271 421 3334 consultum
436 3275 596 3351 sanxisset,
612 3282 643 3333 nt
656 3274 860 3335 foeneratores
875 3273 946 3333 duas
962 3269 1126 3351 patrimonii

121 3363 222 3434 partes
245 3356 274 3414 in
300 3355 366 3416 solo
396 3357 594 3434 collocarent,
618 3357 766 3419 debitores
790 3355 909 3418 totidem
935 3356 1011 3416 aeris
1040 3352 1127 3413 alieni

8 3443 9 3448 ’
121 3439 217 3499 statuo
228 3439 390 3518 solverent,
406 3459 462 3502 ueo
472 3460 522 3503 res
535 3441 735 3522 expediretur;
754 3441 875 3501 alterum
891 3439 928 3500 ad
943 3435 1127 3518 mitigandam

166 3657 179 3723 1.
281 3656 284 3664 .
