2444 3872
327 89 362 112 P

123 177 163 253 tlt
208 205 238 252 c.
255 207 404 254 sunnam
421 207 549 266 ranno.
567 209 614 254 oa
630 209 712 256 vrrs
727 207 912 256 cassanum
927 209 997 256 nra.
1014 210 1051 256 11.

292 363 440 436 Postquam
455 365 495 420 bis
510 367 598 422 classe
612 371 697 424 unlus
711 381 794 423 nores
802 367 939 439 perdidit,

292 449 446 520 Aliquando
462 455 492 504 nt
504 453 608 519 uineot,
625 452 691 506 ludit
703 453 813 506 noidue
828 451 927 506 aleam
1043 495 1046 501 .

81 526 167 591 tibin
188 526 290 606 quibus
315 529 380 586 sive
402 528 567 588 criminibus
584 531 647 589 sive
664 528 825 590 maledictis
839 529 982 590 infamiam
999 529 1123 608 impudi-

122 611 206 670 citiae
227 611 363 670 facillime
384 612 519 675 refutavit
540 621 570 672 et
590 615 753 692 praesentis
774 622 803 673 et
823 622 961 692 posterae
979 615 1056 672 vitae
1073 630 1121 673 aa·

121 696 230 764 stitate;
254 697 323 754 item
343 696 512 756 lautitiarum
533 696 681 774 invidiam,
706 715 770 756 enm
788 706 818 756 et
836 696 1014 758 Alexandria
1036 705 1151 776 captas

119 778 189 838 nihil
209 777 265 839 sibi
281 788 399 858 praeter
413 798 498 840 unum
512 784 665 841 murrinam
681 781 801 842 calicem
816 798 853 842 ex
866 783 1054 842 instrumento
1070 799 1120 839 re·

119 865 169 938 gio
185 864 343 940 retinuerit,
359 873 389 923 et
402 880 470 924 mox
485 882 553 924 vasa
569 883 656 926 aurea
671 863 856 925 assiduissimi
868 883 937 925 usos
950 863 1122 924 conflaverit
1212 865 1213 902 ³

119 949 223 1006 omnia.
258 945 344 1008 Circa
362 947 495 1008 libidines
513 947 628 1019 baesitr
643 957 746 1028 postea
762 965 893 1028 quoque,
910 958 939 1008 ut
952 948 1065 1024 ierunt,
1085 946 1121 1007 ad

119 1030 261 1091 uitiandas
287 1033 416 1108 virgines
444 1033 620 1111 promptior,
649 1051 722 1111 quae
747 1033 801 1092 sibi
827 1031 949 1112 undique
976 1034 1061 1092 etiam
1083 1029 1120 1091 ab

119 1131 211 1174 uxore
238 1117 486 1193 conquirerentnr.
516 1115 610 1175 Aleae
629 1133 773 1176 rumorem
794 1115 974 1177 nullomodo
990 1117 1150 1194 expositio
1212 1179 1213 1182 ,

119 1199 244 1280 lusitque
260 1197 430 1277 simpliciter
443 1207 471 1258 et
488 1198 582 1278 palam
595 1199 799 1260 oblectamenti
812 1218 901 1260 causa
916 1199 1001 1260 etiam
1016 1216 1120 1275 senex,

119 1300 163 1360 ac,
179 1291 381 1362 praeterquam
394 1281 551 1344 Decembri
564 1301 680 1361 mense,
703 1283 767 1345 aliis
782 1301 897 1364 qaoque
909 1284 992 1344 iestis
1008 1292 1037 1344 et
1051 1299 1115 1362 pro·

118 1367 202 1426 iestis
224 1366 335 1426 diebus.
364 1364 429 1427 Nec
446 1367 476 1428 id
496 1365 611 1428 dubium
634 1377 689 1428 est.
719 1367 908 1448 Autograpba
923 1367 1043 1446 quadarn
1058 1368 1121 1446 epi-

119 1451 192 1510 stula
215 1449 377 1528 Caenoei,
398 1455 452 1527 ait,
480 1451 523 1511 mi
545 1450 658 1527 Tiberi,
683 1470 750 1512 cum
771 1452 891 1522 isdem‚·
921 1456 1124 1512 occurerunt

119 1525 269 1594 oonoia‘ae
288 1531 424 1595 Vinicius
443 1543 474 1596 et
486 1533 583 1595 Silius
598 1542 702 1614 pater.
735 1533 821 1596 Inter
841 1553 969 1596 caenam
990 1535 1157 1596 lunmusn

116 1618 292 1702 φωρ
307 1617 586 1704 εΜρΜξρᾴρςς
610 1619 683 1680 talis
699 1621 778 1680 enim
790 1617 927 1694 inclitis,
944 1619 1122 1699 utquisque

118 1703 225 1762 canem
246 1709 302 1763 aut
322 1703 476 1764 senionem
496 1705 641 1778 miserat,
664 1704 697 1763 in
716 1704 856 1784 sinquloo
877 1703 959 1764 talos
978 1702 1121 1782 sinqulot

118 1785 267 1847 amarias
286 1786 318 1846 in
338 1787 469 1846 medium
492 1785 690 1864 conferebat,
711 1804 789 1866 quos
804 1787 931 1849 tollebat
943 1787 1118 1861 aduersos,

116 1870 170 1948 qui
187 1866 330 1930 Venerem
349 1871 476 1932 iecerat.
505 1869 543 1930 Et
565 1889 664 1931 rursus
682 1869 746 1932 aliis
761 1871 881 1932 litteris:
903 1869 986 1946 Not,
1008 1870 1051 1931 mi
1068 1868 1117 1931 Ti·

117 1952 201 2030 beri,
226 1950 438 2032 Quinquatrus
465 1954 545 2015 sane
572 1953 705 2014 iucunde
725 1955 863 2035 eqiruue,·
889 1953 1018 2016 luminat
1039 1954 1156 2014 numae

10 2091 13 2098 .
113 2055 172 2116 per
192 2038 291 2098 omnis
312 2037 379 2097 dios
396 2036 560 2118 forumque
582 2039 770 2098 aleatorium
784 2038 973 2118 calfecimus.
1005 2038 1121 2100 Frater

117 2129 187 2180 tuus
205 2120 326 2200 maqnis
348 2121 537 2182 olmncribue
555 2141 620 2184 rem
638 2124 754 2202 quaein
780 2122 824 2182 ad
844 2141 993 2184 summm
1018 2130 1120 2182 tamen

114 2204 254 2281 perdidit
271 2223 334 2264 non
353 2207 494 2282 muttum,
517 2206 574 2265 sed
595 2225 635 2266 en
652 2207 774 2284 nequis
789 2206 978 2268 detrimentis
988 2212 1119 2284 praeter

115 2305 200 2365 mem
223 2287 378 2366 paulatim
402 2297 558 2351 renuetur
580 2297 634 2350 est.
673 2287 741 2369 qu
760 2291 887 2370 pudidi
905 2290 1013 2370 uiqinti
1031 2289 1119 2350 milia

115 2390 267 2433 nummum
291 2391 357 2436 meo
382 2374 519 2449 nomine,
548 2374 605 2433 aed
629 2392 696 2434 cum
721 2371 816 2454 effuse
834 2376 867 2436 iu
885 2376 955 2435 lusu
976 2372 1154 2435 ttternttsn

113 2454 258 2534 fuissem,
282 2464 317 2518 ut
336 2457 421 2519 soleo
434 2458 622 2537 plerumque.
654 2455 735 2518 Nam
749 2458 779 2518 si
794 2476 873 2539 quae
887 2475 998 2518 manua
1011 2459 1120 2517 remisi

116 2541 223 2620 cuique
248 2543 431 2621 eneqieeem,
459 2549 516 2603 aut
538 2541 731 2602 retinuissem
757 2541 840 2620 quod
860 2543 968 2622 cuique
989 2540 1117 2615 donavi,

90 2693 92 2698 ¹
113 2623 255 2684 ciciseem
274 2625 322 2686 cel
337 2627 560 2705 quinquaqinta
573 2625 669 2686 milia.
699 2624 764 2686 Sed
777 2626 836 2688 boe
850 2624 956 2697 mulo,·
980 2624 1117 2702 decemui-

115 2713 165 2765 tae
185 2709 263 2767 enim
278 2726 347 2769 mea
363 2727 411 2770 me
426 2710 470 2770 ad
485 2710 646 2771 caeleuem
659 2711 793 2789 qloriam
808 2707 921 2790 efferet.
957 2707 1066 2768 Scribit
1083 2707 1118 2768 ad

116 2789 217 2850 filiam:
233 2790 307 2852 litet
320 2791 376 2853 tibi
390 2794 539 2855 denarios
552 2793 700 2854 ducentos
715 2794 946 2874 quinquaqinta,
963 2809 1042 2872 quos
1053 2791 1117 2851 sin·
1128 2808 1156 2850 so

113 2874 196 2950 qulio
214 2875 351 2936 conuicio
373 2877 537 2952 dederam,
558 2878 587 2937 si
606 2877 717 2938 uellent
735 2878 815 2938 inter
836 2895 870 2937 se
889 2877 970 2938 inter
987 2892 1119 2963 cqqnaau

114 2957 164 3017 cel
178 2958 251 3020 talia
263 2960 313 3021 ael
322 2973 389 3039 par
400 2963 503 3040 impar
518 2961 634 3022 ludere.
954 3007 956 3016 ι

70 3047 107 3102 ta
176 3040 209 3101 In
230 3045 337 3104 ceterIs
360 3046 489 3125 partibus
508 3047 584 3104 vitae
603 3045 877 3104 continentissimum
893 3043 985 3102 luisse
1004 3053 1120 3104 constat

114 3142 149 3183 ac
170 3126 233 3186 sine
249 3130 416 3207 suspicione
431 3129 517 3189 ullius
532 3129 603 3188 vitii.
646 3125 791 3187 Habitavit
808 3129 901 3208 primo
919 3126 1119 3196 iuxtalioma·

113 3225 178 3267 num
193 3209 297 3288 iorum,
314 3231 401 3291 snpra
415 3212 518 3273 Scalas
534 3212 694 3292 anularius,
712 3213 740 3270 in
758 3211 844 3274 domo
859 3227 934 3292 qnae
952 3208 1036 3271 Galri
1051 3219 1117 3270 ora·
1130 3229 1158 3268 aa
1184 3259 1186 3262 .

112 3291 184 3350 toris
199 3293 293 3354 inerat
301 3319 308 3366 ;
331 3305 435 3374 postea
450 3297 478 3354 in
492 3295 619 3370 Palatio,
643 3294 696 3354 sed
710 3295 800 3356 nibilo
816 3298 907 3356 minus
920 3293 1042 3356 aedibus
1056 3311 1119 3353 mo·

113 3373 185 3434 diois
198 3375 414 3456 Hortensianis,
438 3387 467 3439 et
484 3395 580 3457 neque
596 3378 714 3440 laxitate
731 3398 825 3459 neque
842 3379 920 3440 cultu
938 3379 1119 3458 conspicuis,

112 3465 142 3514 ut
162 3457 190 3514 in
210 3460 312 3537 quibus
337 3463 467 3541 porticus
481 3459 590 3522 breves
604 3473 703 3524 essent
718 3463 894 3525 Albanarum
911 3463 1121 3539 columnarum,
1212 3483 1213 3488 ¹
