2416 3876
249 207 528 257 nsrnnmronou
549 205 731 258 ammonam
749 211 951 271 sacrantes.
1040 201 1105 264 297

14 360 18 374 “
92 364 167 425 Nam
182 363 259 443 apud
277 382 343 424 eum
365 363 490 441 epistola
506 365 649 434 invenitur
672 365 796 443 Augusti
816 366 994 444 increpantis
1010 365 1101 430 Hora·

88 452 181 524 tium,
206 447 283 527 quad
304 465 362 507 noa
383 447 468 508 adse
511 466 606 526 uoque
624 448 743 526 plurima
760 450 879 510 scribat.
915 450 1106 527 Scholiasta

13 585 14 588 ,
93 532 206 595 Horat.
223 532 312 610 epist.
332 539 360 606 2,
378 539 440 607 1,]
471 531 543 604 ..0.
560 531 696 594 Horatius
710 532 846 614 Flaccus,
861 535 1101 618 Venusinuspa-
1137 545 1157 642 Ι

1 616 2 622 ’
93 624 141 678 tre
156 626 187 689 ut
199 618 263 695 ipse
279 615 366 676 tradit
386 614 529 682 libertina
547 623 577 676 et
589 618 786 679 exactionum
798 627 953 695 coactare,
970 621 1016 700 (ut
1030 640 1102 682 vere

1 762 2 765 ,
67 701 237 762 tcreditum
256 709 303 760 est
326 698 564 780 salsamentario‚
592 719 655 761 cum
677 702 718 762 illi
736 703 850 781 quidam
865 706 893 762 in
909 704 1101 766 altercatione

39 778 40 782 ’
93 786 320 864 exprobrasset:
353 781 501 857 Quotiens
523 803 579 865 epo
600 784 667 846 aidi
682 793 807 865 patrem
821 795 905 848 tuum
924 786 1054 852 bractio
1068 809 1103 851 se
1180 839 1186 844 .

1 891 2 936 ι
92 863 340 951 emunpenteml)
366 867 447 929 bello
462 867 642 948 Philippensi
662 873 775 930 excitas
793 890 809 930 a
829 871 929 932 Marco
944 872 1033 934 Bruto
1051 875 1101 934 irn-

1 964 2 1034 t
50 973 52 978 ·
91 962 249 1033 peratore,
279 953 410 1012 tribunus
432 952 549 1012 militum
569 954 686 1019 meruit;
708 956 853 1034 victisque
869 957 999 1035 partibas
1017 961 1101 1019 venia

92 1041 237 1117 inpetrata
252 1037 391 1113 scriptum
407 1039 603 1114 quaestorium
620 1040 808 1116 comparavit.
839 1039 884 1099 Ac
908 1044 1000 1119 primo
1022 1041 1100 1102 lilae-

1 1168 2 1176 ,
52 1140 82 1183 10
96 1124 191 1184 cenati
204 1167 213 1199 ‚
227 1137 295 1181 rnox
311 1119 445 1197 Augusto
463 1123 621 1181 insinuatus
642 1140 699 1182 non
713 1123 891 1184 mediocrem
906 1126 934 1184 in
953 1125 1101 1186 amborum

1 1227 2 1238 ³
93 1208 217 1268 amicitia
239 1206 334 1265 locum
358 1206 460 1264 tenuit.
496 1204 652 1266 Maecenas
674 1216 856 1286 quantopere
877 1226 942 1268 eum
965 1209 1101 1270 dilexerit

1 1283 2 1308 ³
94 1292 164 1352 satis
179 1298 302 1350 testatur
315 1287 368 1348 illo
385 1291 608 1368 epigrammate:

243 1378 285 1433 itt
298 1385 323 1433 te
339 1377 487 1434 trimeribus
500 1381 580 1448 meis,
594 1379 704 1448 Horati,

245 1461 316 1518 Plus
329 1465 385 1516 iam
401 1463 495 1534 ditias,
512 1469 541 1518 tu
555 1467 629 1518 tunm
644 1465 766 1518 sodalem

1 1571 2 1584 ι
52 1539 103 1600 as'
247 1543 348 1602 Innuto
362 1547 455 1604 uideas
469 1548 670 1619 striposiorem,·
763 1614 769 1626 ἱ

1 1655 2 1674 ι
92 1626 146 1687 scd
167 1625 256 1702 multo
275 1627 370 1703 magis
391 1628 529 1685 extremis
547 1625 659 1686 iudiciis
679 1628 731 1687 tali
749 1627 785 1688 ad
801 1628 963 1706 Augustum
979 1629 1097 1707 elogio:

1 1782 2 1786 η
92 1709 208 1772 Horati
227 1709 335 1771 Flacci
354 1717 388 1770 ut
408 1711 469 1770 mci
488 1717 552 1772 esto
573 1713 708 1772 memor!
746 1711 895 1790 Augustus
911 1713 1098 1792 epistolarum

1 1830 3 1870 q
94 1811 211 1873 qaoque
235 1797 262 1854 ei
284 1794 411 1854 cilicium
433 1794 546 1872 optulit.
583 1793 648 1855 Hoc
666 1795 701 1854 ad
718 1794 915 1856 Maecenatem
933 1799 1044 1875 scripto
1060 1798 1098 1857 si·

1 1951 2 1960 ἵ
93 1879 224 1956 gnificat:
252 1876 331 1939 Ante
345 1879 414 1958 ipsc
426 1877 622 1957 sufficiebam
634 1878 809 1940 scribendis
825 1881 1096 1958 epistolisanrico-

51 1979 179 2038 aurunt,
199 1979 283 2024 nunc
299 1962 558 2040 occupatissimus
571 1969 600 2022 et
615 1963 756 2042 infirmus
773 1963 938 2026 Horatium
958 1972 1097 2026 normam

1 2071 2 2124 ι
92 2064 114 2107 a
129 2052 158 2106 te
173 2046 263 2124 cupio
274 2045 444 2127 abducar.
467 2045 570 2108 Veniet
585 2066 658 2126 erqo
672 2046 713 2107 ab
727 2048 790 2109 ista
800 2046 980 2127 parasitica
991 2067 1099 2110 mama

1 2127 3 2164 ἓ
92 2129 137 2190 ud
151 2130 374 2210 banarepiam,
393 2138 422 2191 et
434 2150 492 2192 nos
505 2131 538 2192 in
552 2131 691 2209 epistolis
703 2132 878 2194 scribendis
889 2133 1017 2194 iuuabit.
1052 2133 1098 2195 Ae

1 2232 2 2297 ξ
91 2233 129 2274 ne
149 2210 431 2296 recusantiquidem
455 2223 503 2275 aut
524 2219 689 2276 succensuit
703 2219 857 2297 quicquam
877 2225 925 2276 aut
946 2219 1097 2280 amicitiam
1130 2295 1141 2304 „

92 2317 173 2360 suam
191 2300 326 2376 ingerere
349 2299 441 2359 desiit.
476 2298 583 2359 Extant
604 2301 765 2378 epistolae,
787 2302 924 2380 equibus
938 2305 1096 2379 argumenti
1121 2305 1165 2386 ἐκ

6 2395 26 2423 '-
51 2384 185 2460 aegrotis
213 2389 304 2460 panca
331 2383 457 2444 subieci:
486 2382 581 2444 Sunce
606 2383 662 2444 tibi
688 2385 809 2466 aliquid
832 2385 913 2446 iuris
934 2387 1022 2464 apud
1037 2405 1094 2462 me,
1162 2454 1164 2468 s

32 2513 36 2520 .
92 2475 248 2546 tamquam
268 2467 299 2527 'si
320 2468 478 2529 convictor·
493 2467 568 2528 mibi
585 2465 708 2546 fuerim
737 2477 820 2530 recte
837 2470 914 2531 enim
935 2477 964 2530 et
976 2489 1038 2531 nan
1053 2477 1094 2530 te·

1 2589 3 2664 p
24 2595 37 2612 .
90 2568 174 2613 mere
188 2549 317 2629 seceris,
336 2552 481 2634 quoniam
503 2551 538 2612 id
551 2569 627 2612 usus
648 2553 723 2614 mibi
741 2562 839 2614 tecum
855 2554 1035 2630 essaoolui,
1068 2555 1098 2614 si

1 2684 2 2712 2
88 2652 148 2714 per
163 2635 362 2696 ualitudinem
376 2643 459 2696 tuam
469 2637 660 2714 plenipossit.
700 2642 733 2697 Et
747 2655 862 2697 rursus:
904 2635 962 2698 Tui
976 2638 1097 2717 quadan

91 2718 226 2779 babeam
235 2719 423 2796 memoriam,
438 2721 558 2799 poteris
570 2738 609 2780 ea
621 2719 768 2799 Septimio
782 2739 902 2801 quaque
915 2729 1022 2784 nostro
1039 2729 1094 2782 au·

51 2803 182 2874 audire,·
194 2821 267 2864 nam
282 2803 391 2864 incidit
402 2811 435 2864 ut
446 2804 501 2864 iilo
517 2823 624 2865 coram
640 2805 727 2884 lieret
743 2823 764 2864 a
777 2823 824 2865 me
840 2807 885 2866 tui
898 2806 1018 2866 mentio.
1034 2804 1096 2867 Ne·

1 2888 8 2965 ζζ
92 2906 150 2968 que
164 2887 242 2948 enirn
256 2887 286 2948 si
297 2895 327 2948 tu
342 2887 497 2966 superbus
510 2889 679 2950 amicitiam
693 2897 834 2950 nostram
848 2891 1008 2968 sprevisti,
1026 2891 1096 2951 ideo

1 2969 2 2974 ’
90 2989 149 3032 nos
164 2989 283 3052 quoque
299 2961 666 3052 ἄνθυφερηφανούμεν.
697 2973 854 3033 Praeterea
869 2991 959 3052 saepe
976 2990 1039 3034 eum
1054 2976 1095 3033 in·

91 3064 137 3118 ter
152 3054 326 3116 aliosziocos
340 3057 539 3135 purissimum
552 3075 661 3136 penem
676 3064 705 3117 et
716 3057 946 3119 homuncionem
965 3058 1093 3136 lepidis-

91 3141 201 3200 simum
223 3140 370 3218 appellat,
395 3159 508 3218 unaque
525 3151 554 3200 et
575 3141 667 3200 altera
692 3141 867 3202 liberalitate
893 3142 1093 3220 locrrpletavit.
1124 3216 1159 3228 q·

51 3225 343 3302 rescriptaqutdem
366 3226 428 3285 eius
448 3243 540 3302 usque
560 3227 635 3285 adeo
657 3225 792 3304 probavit
815 3243 1007 3304 mansuraque
1028 3245 1095 3306 per·
1115 3242 1127 3298 ,ῖ
1150 3237 1162 3268 -“

16 3368 22 3376 ,
90 3319 178 3388 petua
204 3312 337 3385 opinatus
362 3319 424 3384 est,
451 3319 482 3369 ut
503 3327 560 3368 non
576 3309 662 3373 modo
679 3310 821 3371 Seculare
845 3327 961 3370 carmen
976 3327 1095 3389 compo·

88 3393 214 3452 nendum
231 3395 385 3454 iniunxerit
406 3394 459 3454 sed
482 3403 512 3453 et
524 3393 705 3454 Vindelicum
728 3395 878 3454 victoriam
897 3393 1006 3454 'liberii
1021 3394 1095 3454 Dru·

1 3509 2 3539 ι
88 3481 197 3556 sique„
214 3478 410 3556 privignorum
432 3494 566 3556 suorum,
589 3495 712 3557 eumque
736 3483 868 3556 coegerit
893 3487 1015 3558 propter
1038 3479 1097 3540 hoa
