2408 3870
211 218 273 288 x'vr
559 231 766 290 senmurum.

129 393 132 397 ’
218 414 272 471 quc
288 405 406 456 aetatem
423 415 510 470 usque
532 402 567 457 ad
581 400 691 473 imperii
708 400 787 456 initia
806 416 939 456 annorum
956 401 1053 456 ordine
1071 417 1126 456 ex-

216 489 318 555 ponat,
331 489 395 538 'tum
411 499 480 539 vero
502 499 594 540 mores
614 489 671 558 per
688 485 849 540 universum
871 483 981 555 imperii
1004 486 1126 556 spatium

216 566 328 637 publiea
343 564 528 649 privatimque
548 567 676 640 proditos
697 567 859 638 singillatim
873 583 964 639 neque
984 583 1035 640 per
1051 576 1126 623 teur-

215 665 285 721 pora
312 650 362 704 sed
382 666 434 721 per
451 651 562 721 species
578 651 709 707 virtutum
733 651 779 706 vel
799 650 930 707 vitiorum
953 657 1127 722 exsequatur

215 734 256 804 (p.
273 737 316 799 uo,
333 739 374 792 13.
392 739 572 804 41,18;65,
591 731 639 808 17)
656 734 777 806 denique
793 749 889 789 rursus
904 739 1057 806 temporum
1074 749 1126 790 or-

215 815 307 872 dinem
323 831 443 888 sequeus
459 817 562 874 indicia
578 833 643 873 mox
657 816 768 875 tutores
784 817 880 873 mortis
897 817 1043 889 ipsumque
1060 817 1126 874 obi-
1194 883 1195 894 1

214 905 270 954 tum
287 915 347 954 cum
364 901 521 957 testamenti
538 901 701 973 quibusdam
717 899 856 972 capitibus
872 907 993 956 enarret.
1025 899 1126 972 Neque

214 989 305 1039 tamen
330 983 446 1038 cundem
468 1001 578 1055 semper
602 985 728 1040 ordinem
749 983 777 1038 in
801 983 975 1054 explicandis
997 985 1125 1041 moribus

215 1067 357 1134 servarit,
379 1067 430 1122 sed
454 1067 500 1122 ubi
522 1083 567 1122 res
584 1066 726 1139 postulare
742 1065 804 1123 visa
822 1073 881 1136 est,
897 1065 945 1122 uel
966 1081 980 1122 a
1000 1066 1125 1139 publicis

216 1151 262 1204 vel
281 1149 428 1221 aprivatis
445 1149 568 1207 moribus
585 1151 693 1206 initium
710 1149 828 1222 sumpsit
843 1149 1016 1222 primumque
1030 1151 1126 1208 locum
1189 1191 1195 1214 ,

216 1233 261 1288 rel
273 1233 426 1290 minoribus
437 1235 483 1289 vel
499 1233 650 1290 maioribus
666 1233 750 1290 rebus
766 1223 852 1290 dedit.
885 1232 938 1288 l’er
949 1233 1039 1290 omnia
1049 1234 1126 1290 hunc
1189 1225 1195 1292 ἶ,

214 1317 270 1371 sibi
289 1317 380 1387 legem
394 1317 545 1389 scripsisse
558 1318 685 1387 uidetur,
707 1333 742 1371 ne
756 1317 813 1372 ulla
834 1316 862 1371 in
879 1333 913 1372 re
927 1315 1060 1373 incertam
1076 1323 1127 1372 aut

216 1417 292 1455 suam
309 1406 355 1456 aut
370 1395 486 1456 aliorum
501 1401 661 1472 opinionem
683 1405 850 1471 sequeretur
863 1413 954 1472 neque
969 1399 1126 1474 interposi·
1190 1437 1193 1461 r

215 1484 252 1539 tis
270 1480 503 1554 disputationibus
518 1485 652 1540 lectorum
669 1485 776 1541 animos
787 1485 981 1557 praepararet,
997 1484 1048 1540 sed
1060 1483 1125 1540 ubi·
1189 1494 1195 1558 t

156 1565 158 1570 '
216 1582 269 1637 que
286 1567 412 1638 exempla
434 1567 573 1624 luculenta
589 1573 762 1641 proponeret
781 1583 884 1638 resque
905 1567 990 1624 rebus
1006 1567 1125 1623 coniun-

215 1655 305 1720 geret.
350 1650 430 1706 Adde
451 1648 546 1707 miram
567 1651 709 1707 scribendi
729 1649 895 1707 breuitatem
917 1651 1125 1722 verborumque
1194 1703 1195 1708 ,

213 1733 427 1804 parcimoniam,
443 1741 471 1789 et
485 1735 628 1806 intelliges
644 1740 722 1790 recte
740 1733 798 1790 dici
814 1735 927 1802 solere,
942 1733 1045 1788 nullam
1060 1733 1125 1790 lere
1187 1740 1193 1757 ¹

214 1817 379 1889 scriptorem
394 1825 448 1874 tarn
470 1816 665 1889 exiguo'libro
682 1823 784 1874 tantam
805 1818 897 1873 rerum
919 1816 1124 1874 multitudinem
1187 1854 1191 1867 ι

213 1917 246 1955 ac
261 1905 303 1956 tot
315 1902 454 1972 exquisita
465 1901 570 1956 veteris
582 1901 718 1957 historiae
735 1901 848 1958 civitae
864 1901 1029 1956 documenta
1045 1915 1124 1956 com-
1190 1925 1194 1933 u

212 1985 405 2054 prehendisse.
884 1984 887 1989 ’
1184 1990 1189 2058 ζ

275 2067 391 2122 Dicendi
406 2085 511 2138 genere
527 2071 593 2124 usus
612 2075 655 2124 est
672 2066 792 2140 simplici
802 2083 835 2124 ac
846 2083 929 2140 puro,
945 2067 1047 2124 nullam
1060 2067 1123 2123 lere
1186 2059 1188 2068 ’

216 2150 373 2220 elegantiae
390 2152 500 2207 laudern
522 2151 668 2208 allectante
691 2152 746 2207 nisi
763 2151 881 2222 singulis
896 2151 925 2206 in
942 2151 1037 2208 verbis
1053 2165 1124 2222 pro-
1185 2142 1188 2210 s

216 2233 373 2306 prietatem,
391 2234 419 2288 in
434 2235 535 2291 iunctis
549 2235 788 2308 perspicuitatem.
833 2233 978 2291 Praesenti
994 2240 1123 2306 tempore
1185 2275 1195 2313 Η

140 2333 145 2342 ’
216 2317 251 2372 de
266 2317 427 2388 praeteritis
443 2319 527 2374 rebus
545 2318 688 2374 rarissime
705 2333 771 2374 usus
786 2324 844 2387 est,
859 2324 889 2372 ut
905 2335 933 2390 p.
950 2324 983 2386 9,
1000 2325 1041 2376 ll.
1057 2323 1123 2388 207,

214 2405 257 2460 27.
294 2399 350 2456 Sed
364 2401 431 2456 nulli
447 2401 543 2458 virtuti
558 2419 647 2473 aeque
665 2418 698 2457 ao
712 2401 844 2458 brevitati
861 2401 979 2457 inservit
995 2403 1031 2456 ob
1046 2417 1124 2457 cam-
1188 2465 1191 2479 ,

215 2501 268 2556 que
285 2500 394 2540 causam
409 2486 470 2540 eius
486 2484 627 2555 Caesaris,
643 2485 721 2540 cuius
732 2485 818 2540 vitam
834 2483 943 2553 scribit,
961 2500 1059 2540 nomen
1075 2500 1124 2540 ra-
1185 2526 1191 2550 ,

217 2568 326 2624 rissime
340 2568 458 2639 penitet
473 2567 621 2641 participia
634 2584 702 2624 unus
717 2569 836 2624 omnium
850 2568 969 2623 maxime
984 2583 1038 2623 non
1052 2582 1124 2622 con·
1184 2627 1190 2646 ἲ

215 2651 360 2706 temnenda
378 2657 438 2707 arte
454 2653 621 2724 frequentat.

55 2727 205 2822 ssssssffgssffi'
278 2733 327 2789 llis
344 2735 430 2805 igitur
445 2736 593 2791 virtutibus
609 2751 669 2790 cum
682 2732 870 2790 Suetonianae
880 2733 1031 2790 Caesarum
1044 2733 1122 2788 vitea
1183 2717 1195 2811 ξ

111 2832 152 2872 tro.
217 2819 489 2888 commendarentur,
526 2817 678 2874 mirandum
707 2832 761 2873 non
794 2823 837 2874 est
868 2832 970 2888 magno
1000 2815 1124 2872 omnium
1182 2814 1187 2852 '1

217 2903 316 2972 plausu
341 2917 404 2956 esse
422 2907 565 2974 exceptas.
605 2898 672 2956 Nam
688 2916 743 2957 nou
761 2899 843 2956 modo
859 2900 1022 2970 frequenter
1038 2898 1125 2954 lecti·
1185 2940 1195 2954 .

217 2990 290 3040 latae
312 2991 339 3038 et
360 3001 375 3040 a
396 2984 601 3055 posterioribus
630 2983 791 3054 historicis,
821 2984 882 3040 sive
903 2979 1038 3056 pristinae
1060 2983 1125 3037 sive

218 3066 391 3124 Christianae
414 3068 547 3139 religioni
567 3067 670 3122 addicti
687 3066 815 3137 luerunt,
834 3073 986 3140 excerptae
1011 3073 1039 3120 ct
1060 3065 1126 3121 imi·
1184 3059 1187 3070 '

217 3151 301 3206 lando
316 3157 469 3223 expressae
485 3156 557 3220 sunt,
575 3150 625 3205 sed
641 3151 686 3204 vel
703 3150 737 3204 ad
751 3148 873 3207 Graecos
888 3154 1078 3224 pervenerunt
1096 3156 1127 3204 et
1193 3203 1195 3212 Α

217 3251 269 3305 per
292 3239 375 3290 totam
397 3235 512 3290 medinm
539 3238 657 3289 aetatem
678 3232 706 3286 in
730 3249 781 3288 usu
805 3250 943 3290 essenon
969 3232 1124 3288 desierunt.
1194 3287 1195 3291 ,

219 3317 369 3387 colligenti
393 3323 517 3372 veterum
538 3317 705 3388 scriptorum
729 3315 808 3372 locos
829 3318 874 3372 vel
896 3315 1055 3372 nominatim
1078 3315 1126 3369 rel
1176 3324 1189 3347 ¹·

218 3399 302 3456 tacite
315 3399 474 3470 Tranquillo
487 3400 597 3455 debitos
613 3399 768 3470 apparebit,
785 3401 886 3456 nullam
901 3399 961 3455 iere
973 3396 1126 3454 caesarum

217 3481 346 3554 paginam
377 3482 544 3538 testimoniis
576 3480 779 3552 insequentium
807 3483 973 3555 scriptorum
1000 3479 1126 3538 destitui.
