2444 3872
564 217 736 270 ursmarus.
1113 209 1154 272 93

144 390 220 450 ergo
236 371 308 436 Gaio
322 381 478 436 revocatus
491 383 547 452 est,
566 391 665 436 rerum
679 374 733 436 sub
749 373 915 438 conditione
931 393 968 438 oe
986 394 1070 458 quam
1086 395 1151 457 par·

143 463 204 518 tem
221 474 357 518 curamue
371 457 461 538 rei-p'.
477 460 644 537 attingeret.
1178 509 1181 516 .

207 539 303 602 Rediit
318 550 423 603 octavo
438 551 506 622 post
521 560 670 604 secessum
686 559 771 622 anno,
782 560 886 622 magna
898 563 954 606 noc
970 547 1081 607 incerta
1096 562 1151 626 spe
1161 560 1195 614 ιι

141 625 319 703 futurorum,
335 642 419 706 quam
434 634 465 687 et
478 628 601 688 ostentis
617 634 647 687 ct
661 626 906 706 praedictionibus
921 628 957 690 ab
973 630 1055 690 initio
1072 640 1149 692 aeta-

111 709 182 774 etis
197 719 384 790 conceperat.

207 793 374 874 Praegnans
388 795 463 856 enim
476 795 556 856 Livia
571 813 645 871 cum,
657 813 692 856 un
709 812 816 856 marem
828 796 937 857 editura
954 806 1043 876 esset,
1061 797 1149 858 variis

143 885 277 959 captaret
291 877 448 958 ominibus,
467 897 552 942 ovum
569 879 715 941 incubanti
734 879 862 956 gallinae
883 880 1052 941 subductum
1074 899 1150 941 nuno

143 981 196 1025 sua
211 979 287 1024 nuno
302 962 492 1025 ministrarum
506 981 590 1024 manu
604 983 659 1044 per
674 965 758 1024 vices
772 980 865 1043 usque
879 964 962 1042 fovit,
978 965 1072 1046 quoad
1087 965 1149 1045 pul·
1197 989 1200 998 ’

142 1047 189 1109 lus
208 1047 359 1124 insigniter
382 1049 516 1110 cristatus
536 1046 673 1110 exolutus
692 1055 747 1108 est.
791 1046 836 1109 Ac
852 1048 889 1109 de
908 1049 1015 1110 infante
1030 1049 1148 1112 Scribo·

101 1148 133 1191 so
143 1132 208 1192 nius
234 1129 450 1193 mathematicus
475 1131 627 1211 praeclara
651 1132 824 1211 spopondit,
856 1134 942 1193 etiam
965 1143 1150 1210 regnaturum

142 1215 325 1296 quandoque,
342 1215 394 1275 sed
409 1217 471 1276 sine
483 1217 567 1293 regio
585 1216 708 1293 insigni,
724 1218 823 1294 ignota
842 1216 956 1278 scilicet
973 1226 1040 1276 tuuc
1055 1216 1148 1278 adbuc

142 1298 303 1362 Caesarum
326 1308 483 1378 potestate.
527 1298 565 1360 Et
586 1301 721 1377 ingresso
744 1295 863 1380 primani
884 1299 1099 1379 expeditionem
1115 1319 1149 1361 ao

141 1401 198 1464 per
210 1381 409 1445 Macedoniam
423 1382 547 1444 ducente
563 1385 722 1444 exercitum
733 1386 762 1443 in
774 1385 896 1461 Syriam,
909 1384 1015 1445 accidit
1027 1394 1056 1445 ut
1071 1385 1148 1464 apud

141 1466 294 1548 Philippos
309 1475 442 1528 sacratae
455 1467 523 1528 olim
538 1467 699 1528 victricium
712 1468 859 1546 legionum
869 1486 937 1530 arae
952 1478 1058 1550 sponte
1073 1469 1148 1530 subi·

102 1568 132 1610 ns
140 1552 180 1613 tis
196 1551 384 1612 conlucerent
400 1550 530 1630 ignibus;
554 1561 584 1611 et
599 1569 680 1630 mox,
706 1569 769 1612 coru
782 1551 930 1628 Illyricum
947 1562 1051 1633 petens
1067 1554 1146 1614 iuxta

140 1635 291 1698 Patavium
308 1634 416 1696 adisset
428 1635 571 1710 Geryonis
586 1634 745 1713 oraculum,
752 1645 841 1739 porte
853 1645 962 1714 tracta,
979 1654 1035 1715 qua
1051 1654 1148 1696 moue-

128 1722 226 1784 batur
239 1729 270 1780 ut
286 1719 322 1780 de
338 1719 596 1782 consultationibus
613 1721 641 1778 in
656 1719 754 1799 Aponi
770 1719 879 1781 iontem
894 1720 970 1781 talos
986 1739 1093 1782 aureos
1109 1722 1148 1780 ia·

141 1815 237 1883 ceret,
257 1805 355 1866 evenit
374 1813 405 1865 ut
423 1822 561 1864 summum
580 1821 727 1866 numerum
744 1805 811 1864 iacti
832 1803 868 1866 ab
884 1821 928 1874 eo,
942 1805 1147 1875 ostenderent;

1 1885 6 1970 s
104 1915 108 1922 ·
140 1873 289 1968 hodieqtie
304 1889 357 1950 sub
372 1907 448 1968 aqua
463 1890 593 1949 visuntur
608 1887 638 1948 bi
655 1887 714 1948 tali.
759 1887 835 1950 Ante
852 1906 962 1968 paucos
978 1908 1048 1951 vero
1065 1907 1149 1968 quam

102 1993 133 2034 ao
142 1981 334 2035 revocaretur
350 1973 412 2034 dies
427 1972 533 2052 aquila,
557 1989 708 2050 numquam
723 1981 807 2034 antea
821 1971 918 2034 Rbodi
934 1982 1104 2053 conspecta,
1120 1976 1148 2032 iu

140 2057 267 2119 ommine
282 2057 385 2118 domus
401 2060 463 2118 eius
479 2055 602 2126 assedit;
625 2063 654 2115 et
669 2055 762 2135 pridie
778 2074 861 2136 quam
876 2057 912 2117 de
927 2056 1021 2119 reditu
1038 2057 1147 2118 certior

139 2144 239 2220 lieret,
254 2143 426 2202 vestimenta
442 2140 562 2202 mutanti
577 2141 673 2201 tunica
688 2140 792 2201 ardere
807 2143 869 2201 visa
884 2150 938 2201 est.
963 2141 1146 2218 Thrasyllum
1165 2151 1221 2250 supp

139 2243 258 2306 quoque
274 2225 521 2302 mathematicum,
536 2243 620 2305 quem
638 2233 669 2284 ut
684 2225 844 2305 sapientiae
859 2226 1061 2305 professorem
1078 2245 1146 2288 con·

137 2309 274 2372 tubernio
292 2309 479 2388 admoverat,
498 2318 556 2370 tom
571 2311 693 2370 manime
709 2318 849 2389 expertus
864 2319 926 2388 est,
949 2311 1145 2387 affirmantem,
1207 2327 1213 2336 ·

100 2412 215 2456 muare
236 2395 355 2474 provisa
375 2393 509 2472 gaudium
531 2393 653 2474 aderrip,
667 2411 731 2454 cum
751 2393 866 2473 quidem
884 2393 979 2471 illum,
1002 2395 1099 2455 durius
1117 2403 1147 2455 et

140 2486 244 2540 eontra
265 2478 415 2558 praedicta
437 2477 605 2540 cadentibus
626 2477 730 2555 rebus,
755 2487 785 2538 ut
801 2478 906 2539 falsum
921 2487 950 2539 et
966 2486 1147 2539 secretorum

138 2571 252 2624 temere
268 2565 425 2642 conscium,
441 2581 478 2624 ao
493 2565 559 2642 ipso
574 2571 730 2639 momento,
747 2561 812 2621 dum
827 2563 968 2640 spatiatur
979 2579 1044 2640 una,
1059 2579 1142 2641 prae·
1214 2579 1216 2584 ·

140 2647 264 2727 cipiture
279 2649 308 2707 in
322 2665 401 2709 mare
416 2646 599 2708 destinasset.

200 2731 320 2792 Romam
334 2749 486 2808 reversus,
505 2730 631 2791 deducto
647 2731 675 2790 in
694 2728 788 2790 lorum
803 2730 864 2791 lilio
880 2728 993 2808 Druso,
1007 2731 1110 2790 statim
1126 2743 1188 2796 e15
1210 2727 1214 2818 3³

103 2822 130 2864 ³⁰
145 2813 257 2876 (luriuis
280 2833 315 2875 ac
328 2814 504 2895 Pompeiana
527 2814 612 2876 domo
627 2811 773 2892 Esquilias
790 2815 818 2873 in
835 2813 938 2876 hortos
951 2813 1144 2875 Maecenatia-
1210 2829 1212 2872 ι

140 2915 196 2960 nos
217 2900 431 2978 transmigravit
451 2908 600 2978 totumque
622 2916 654 2958 so
677 2897 712 2958 ad
734 2900 859 2977 quietem
875 2898 1009 2976 contulit,
1033 2899 1146 2977 privata
1208 2879 1212 2958 l

116 3037 118 3042 ,
140 2983 230 3045 modo
246 2982 344 3045 cilicia
360 2983 464 3045 obiens
479 3001 515 3044 ae
528 2981 710 3063 publicorum
725 3001 872 3043 muncrum
888 2997 1004 3064 expers.
1207 3039 1209 3062 ,

204 3065 277 3129 Gaio
299 3077 329 3128 et
347 3067 437 3128 Lucio
461 3069 535 3128 intra
555 3067 706 3126 triennium
733 3065 894 3143 defunctis,
925 3067 1079 3147 adoptatur
1108 3065 1143 3126 ab
1200 3067 1209 3152 l

141 3141 276 3230 augusto
300 3151 382 3212 simul
402 3168 465 3212 cum
480 3152 570 3212 fratre
585 3167 685 3210 eorum
700 3149 738 3211 tl.
755 3150 905 3232 Agrippa,
929 3159 1048 3211 coactus
1064 3151 1144 3230 prius
1200 3153 1208 3170 '¹

101 3237 207 3316 &ipse
222 3233 420 3298 Germanicum
441 3237 539 3296 fratris
559 3236 601 3294 sni
624 3233 711 3295 lilium
733 3235 882 3314 adoptare.
913 3233 979 3295 Neo
994 3235 1145 3312 quicquam

142 3328 248 3400 postea
269 3339 324 3401 pro
349 3330 432 3400 patre
459 3319 583 3395 familias
603 3320 665 3398 egit
683 3328 730 3379 aut
750 3322 812 3396 ius,
831 3318 909 3398 quod
929 3319 1080 3394 amiserat,
1107 3336 1146 3376 ex

140 3403 200 3466 nlla
218 3413 301 3484 parte
317 3407 440 3466 retinuit.
472 3404 654 3482 Numaeque
670 3403 788 3464 donavit
803 3421 899 3481 neque
912 3403 1089 3479 manumisit,
1107 3419 1144 3460 ne

142 3487 333 3552 hereditatem
355 3489 469 3570 quidem
491 3499 539 3549 aut
559 3487 658 3565 legata
679 3489 814 3568 percepit
833 3487 893 3548 ulla
914 3487 999 3547 aliter
1015 3503 1099 3567 quam
1116 3494 1146 3544 ut

128 3641 146 3678 s<

324 3643 331 3663 Ι

149 3659 289 3762 sones*
311 3668 339 3736 a
352 3677 376 3726 n
393 3657 463 3720 rum
482 3695 509 3714 .·
