2412 3876
134 215 270 266 LXXVIII
476 211 681 260 PRAEFATIO.

135 372 224 431 luisse
240 378 407 443 compertum
421 377 472 428 est.
504 371 573 426 llino
587 375 664 442 patet
681 387 761 441 quarn
777 372 848 427 male
862 371 1039 443 superiorum

135 455 260 513 nonnulli
272 462 300 512 nt
310 456 460 511 Salmasius
471 471 550 510 unam
558 455 776 510 earnmvitarum
784 455 919 511 Suetonio
929 457 1038 511 tribue-

133 541 205 605 rint;
227 545 374 612 praeterea
396 539 469 595 nulla
489 539 624 595 librorum
641 539 806 594 auctoritate
828 540 882 594 heo
898 540 1036 610 lecerunt,

134 630 162 679 et
186 623 330 694 redarguit
347 638 397 679 eos
420 622 580 692 Hieronymi
600 623 628 676 iu
644 620 775 677 ebrouioe
801 627 828 676 et
843 621 985 678 Diomedis
1006 622 1035 676 in

133 707 309 764 satiricorum
325 705 532 762 enumeratione
548 706 583 761 de
597 705 728 761 iuvenale
743 703 891 762 silentium.
928 705 1036 760 Deinde

132 791 256 846 Taoitum
271 789 372 845 seimus
389 787 639 850 autumnalibus
655 788 811 844 scribendis
823 783 937 862 (Annal.
954 794 1034 856 2,61.

131 881 159 944 4,
173 870 206 946 4)
223 890 336 946 operam
353 873 477 942 dedisse,
495 871 574 927 ouius
590 873 625 928 de
641 871 698 926 uita
715 887 748 927 ao
763 878 851 927 morte
867 889 919 926 nee
933 871 1034 926 Hiero-

132 975 228 1026 nyrqus
250 974 301 1012 neo
317 957 388 1011 alius
404 956 547 1027 quisquam
563 953 695 1027 prodidit.
742 954 797 1009 Sed
814 971 857 1008 ne
873 955 953 1009 Plinii
972 954 1032 1025 qui-

132 1041 193 1095 dem
220 1040 378 1094 amicissimi
403 1039 521 1094 hominis
551 1044 579 1092 et
603 1037 706 1108 optime
729 1039 764 1092 de
787 1053 818 1092 se
839 1038 929 1093 meriti
950 1039 1034 1093 ullam

131 1123 297 1177 mentionem
308 1123 485 1192 Tranquillus
502 1123 529 1175 iu
545 1122 604 1176 suis
614 1121 771 1176 illustribus
788 1120 904 1187 lauerat,
920 1127 951 1176 ut
962 1137 1031 1176 nou-

131 1207 193 1259 dum
216 1205 325 1260 mortui.
370 1204 503 1274 Alioquin
521 1204 580 1259 lieri
596 1220 650 1257 non
667 1204 823 1275 potuisset,
847 1209 878 1258 ut
894 1204 1032 1273 llierony·

130 1281 232 1361 mns⁸⁴)
251 1303 310 1342 eum
326 1287 452 1342 omnibus
468 1287 526 1342 lere
542 1286 747 1358 posterioribus
763 1303 798 1342 ex
813 1287 920 1344 duobus
936 1286 1032 1342 Pliniis

130 1388 211 1426 unum
232 1371 341 1425 laceret
364 1376 392 1425 et
413 1387 483 1442 qnae
505 1370 577 1442 apud
594 1370 791 1426 Tertullianum
815 1371 926 1442 apolog.
945 1376 971 1426 2.
997 1370 1032 1424 de

131 1452 212 1508 Plinii
234 1455 268 1508 ad
284 1453 429 1508 Traianum
453 1453 571 1525 epistola
591 1453 752 1509 meminerat
771 1453 892 1524 scripta,
915 1471 947 1508 ea
971 1467 1031 1509 eum

131 1538 300 1592 Suetoniana
323 1537 379 1592 rita
401 1535 483 1590 Plinii
506 1537 620 1592 maioris
645 1543 699 1593 tam
724 1536 825 1592 misere
848 1537 1032 1606 coniungeret

132 1637 210 1692 quam
228 1620 328 1675 lautum
344 1621 469 1676 ridemus
485 1638 512 1692 p.
530 1627 591 1689 300,
608 1625 652 1682 27.
696 1619 782 1690 Atqui
797 1637 833 1676 ex
850 1620 1031 1691 inseriptione

130 1703 336 1760 testamentaria
353 1700 585 1778 (Orelli-Hersen
602 1703 738 1774 inseriptt.
756 1710 773 1762 3
789 1719 816 1781 p.
835 1699 900 1774 124)
917 1702 1031 1758 Plinium

130 1793 193 1842 aute
211 1805 238 1844 ιι.
255 1793 306 1846 114
321 1794 455 1844 mortuum
470 1803 533 1842 esse
547 1787 723 1857 intelligitur.

158 1884 161 1889 ·
192 1869 233 1926 Ex
259 1869 294 1926 iis
318 1889 389 1943 quae
412 1870 551 1943 disputavi
577 1870 702 1940 seqnitur
728 1875 757 1925 ut
779 1868 928 1925 Suetonius
946 1869 1031 1926 Viros

129 1970 196 2010 suos
212 1955 336 2011 illustres
354 1957 425 2011 iutra
444 1969 530 2010 annos
550 1960 597 2012 106
615 1960 643 2007 et
658 1959 709 2012 113
726 1952 880 2024 scripserit.
919 1953 960 2008 Au
975 1952 1029 2009 nisi

130 2038 235 2092 animus
256 2054 299 2092 me
325 2038 413 2106 lollii,
438 2039 486 2094 illa
511 2036 663 2108 Tranquilli
686 2036 825 2091 volumina
847 2037 907 2090 sive
929 2036 1029 2106 libelli,

130 2135 199 2189 quos
217 2120 359 2190 perlaetus
377 2122 430 2176 iam
447 2127 473 2176 et
495 2121 638 2177 absolutos
653 2119 758 2178 Plinius
774 2117 856 2194 epist.
872 2129 904 2193 5,
925 2131 959 2182 10
978 2121 1030 2180 sed

130 2202 211 2257 nimia
227 2204 402 2259 annotatione
420 2205 520 2259 edendi
535 2206 653 2260 nondum
672 2207 802 2276 vulgatos
820 2207 959 2276 queritur,
974 2224 1028 2264 nou

131 2285 177 2339 alii
195 2291 260 2340 sunt
275 2291 357 2357 atque
371 2287 520 2342 illustrium
537 2287 637 2358 libelli,
655 2305 724 2360 quos
742 2289 821 2345 amiel
842 2290 1029 2347 admonitione

129 2369 261 2439 impulsus
287 2377 350 2424 ante
373 2370 427 2425 iter
450 2369 477 2425 iu
498 2370 652 2441 Bithyniam
676 2379 833 2444 suseepturn
849 2373 940 2428 videri
965 2380 1028 2444 pot·
1070 2388 1075 2393 ·

129 2459 172 2506 est
187 2452 323 2509 emisisse.

195 2537 233 2591 De
249 2537 368 2608 singulis
384 2537 546 2606 Hieronymi
565 2537 636 2594 locis
651 2555 787 2609 quaerere
804 2539 892 2595 nostri
909 2539 1027 2595 instituti

129 2626 258 2687 nonest,
281 2627 308 2676 et
327 2619 496 2676 eommodins
517 2621 551 2676 ab
567 2620 595 2676 C.
612 2622 654 2677 Fr.
674 2622 829 2678 Hermanno
845 2639 914 2694 quae
936 2637 1027 2677 rerum

128 2700 273 2757 veritatem
295 2709 422 2774 spectant
447 2709 585 2775 petentur.
629 2704 723 2776 Neque
747 2713 836 2761 tamen
862 2707 897 2760 de
925 2705 1026 2761 Livio

127 2783 336 2841 Andronico
352 2803 378 2857 p.
387 2792 449 2853 291,
466 2792 498 2844 12
511 2787 683 2844 Cassiodorti
697 2790 782 2844 verba
800 2789 1026 2860 praetermittam,

128 2867 174 2936 qui
195 2866 230 2922 ad
250 2885 277 2923 a.
294 2873 351 2923 515
366 2871 419 2925 His
441 2872 595 2925 consulibus
615 2871 705 2942 inquit
725 2873 796 2926 luatis
811 2871 944 2926 Romanis
960 2874 1027 2941 pri·

126 2965 199 3003 mrem
220 2952 359 3022 impendio
378 2960 403 3007 et
419 2954 557 3009 comoedia
572 2971 590 3008 a
606 2955 638 3009 L
653 2954 727 3009 Liuio
747 2956 784 3009 nd
804 2969 933 3010 scaenam
948 2955 1025 3010 dato.

17 3018 112 3110 ¹552¹⁵¹
190 3032 217 3087 P.
232 3034 394 3090 Terentii
411 3036 518 3093 urtam
536 3055 563 3109 p
577 3043 638 3103 292,
654 3043 772 3107 1-295,
790 3046 801 3095 l
817 3038 915 3095 Aelius
932 3040 1026 3095 Dona·

126 3122 169 3170 tus
191 3116 296 3186 quod
288 3135 316 3172 ιιι
334 3120 479 3189 prologum
501 3121 646 3175 eernmenti
667 3119 709 3175 sui
725 3120 884 3177 Terentiani
905 3122 1025 3194 reoepit,

125 3199 261 3270 integram
285 3201 365 3259 nobis
386 3202 518 3258 servavit.
563 3203 772 3260 vetustissimas
797 3205 934 3261 editiones
958 3204 1026 3260 iude

123 3327 325 3340 m*

193 3390 239 3454 61)
258 3391 381 3442 Numeros
398 3408 423 3457 p
436 3392 493 3443 Ghr
510 3407 535 3442 n.
549 3393 685 3446 107-109
701 3395 877 3460 Hieronymus,
897 3396 944 3447 113
961 3395 1025 3448 οη-

125 3458 260 3516 sindonius,
280 3461 329 3511 117
351 3460 460 3524 Prosper
478 3460 559 3511 Plinio
578 3463 709 3513 dederunt.
