2438 3872
125 223 186 286 262
377 236 611 285 csnnnonnrs
627 235 870 296 nunnonrnnus

14 425 15 452 1
125 393 173 470 qni
187 392 294 470 primus
308 391 366 452 lroc
383 409 545 470 cognomen
556 393 610 452 sibi
622 390 790 467 vindicavit,
816 390 967 470 multiplici
981 389 1120 468 variaque

124 476 253 537 doctrina
265 475 447 537 censebatur.
470 475 555 551 Quod
566 490 683 536 seneen
695 476 906 536 commentariis
917 475 980 534 eius
988 481 1120 552 apparet,

14 589 15 592 ¹
125 577 285 638 quanquam
313 561 477 640 paucissimi
500 568 612 628 extent;
645 559 823 638 deonorum
851 569 945 619 tamen
966 559 1053 637 copia
1080 558 1123 616 sic

124 644 215 705 altera
226 642 263 704 ad
274 644 396 704 eundern
406 643 538 704 Hermam
555 644 679 724 epistola
693 645 853 721 significat:
871 641 971 722 Hylen
983 648 1122 702 noctram

14 741 16 802 ,
124 728 197 789 ollis
207 734 352 789 memento
369 728 596 804 commendare,
613 745 705 807 quoru
717 727 814 788 omnis
823 727 946 806 pencris
957 725 1144 809 coepimua,s

14 805 16 872 ῗ
123 814 168 873 uti
182 814 262 889 scis,
278 813 467 892 octinpcntos
482 812 513 872 in
530 811 636 874 libros.
671 811 767 872 Colnit
782 819 885 890 postea
900 810 1122 870 familiarissime

48 955 49 959 ,
125 895 157 958 (l.
176 896 340 956 Sallustium
361 905 389 956 et
405 915 441 956 eo
455 896 590 958 defuncto
605 896 735 956 Asinium
753 895 929 971 Pollionem,
946 910 1020 972 quos
1033 893 1122 954 histo-

14 977 16 1054 ῗ
123 984 193 1042 riam
209 995 386 1062 componere
402 998 577 1058 aggressos,
593 980 713 1041 alterum
733 978 877 1040 breviario
889 997 984 1038 rerum
1000 979 1125 1037 omnium

123 1067 324 1140 Romanarum,
340 1085 377 1124 ex
391 1064 494 1143 quibus
507 1082 578 1144 quas
588 1064 679 1124 vellet
694 1064 829 1142 eligeret,
844 1063 987 1138 instruxit,
1001 1060 1124 1122 alterum

107 1153 290 1229 ¹praeceptis
308 1148 344 1209 de
364 1151 477 1208 ratione
497 1148 652 1209 scribendi.
690 1146 754 1223 Quo
777 1150 870 1224 magis
890 1149 978 1206 miror
993 1144 1125 1206 Asinium
1135 1161 1156 1202 n
1194 1215 1197 1220 1

14 1235 16 1314 ξ
124 1233 295 1310 credidisse,
309 1235 425 1312 antiqua
437 1251 500 1292 eum
513 1232 603 1292 verba
612 1241 642 1292 et
654 1233 761 1309 liguros
772 1230 888 1292 solitum
900 1249 968 1292 esse
981 1230 1124 1309 colligere

14 1315 17 1394 ζ’
124 1316 276 1387 Sallustio;
291 1335 354 1376 cum
366 1315 421 1376 sihi
434 1319 508 1376 sciat
521 1315 591 1377 nihil
602 1315 679 1376 alind
692 1316 955 1396 suadereqnamut
967 1325 1036 1376 noto
1055 1317 1125 1375 civi·

124 1403 204 1480 lique
221 1411 251 1461 et
270 1403 390 1478 proprio
404 1417 538 1460 sermone
554 1409 662 1477 utatur,
683 1401 814 1478 nitetque
826 1403 949 1462 maxime
962 1399 1125 1460 obscurita-

14 1485 16 1532 ἵ
124 1495 181 1546 tem
198 1485 326 1546 Sallustii
341 1493 370 1544 et
385 1484 532 1545 andaciam
548 1487 576 1544 in
592 1484 836 1545 translationibus.

14 1543 16 1576 l

14 1581 16 1642 ᾗ
84 1591 114 1644 11
186 1570 218 1630 P.
234 1569 369 1630 Valerius
385 1568 474 1644 Cato,
494 1578 524 1629 nt
540 1568 669 1629 nonnulli
686 1568 874 1647 tradiderunt,
890 1568 1012 1630 Burseni
1029 1571 1159 1630 cuius-1⁵

14 1647 16 1676 ²
117 1647 189 1716 'dam
208 1654 331 1714 libertus
350 1671 388 1712 ex
411 1652 519 1721 Gallia;
549 1652 613 1730 ipse
633 1651 750 1729 libello,
774 1655 818 1712 cui
843 1662 888 1713 est
909 1653 1007 1714 titulus
1026 1651 1126 1712 ludi·

124 1739 270 1818 gnatio,
285 1741 440 1816 ingenuum
456 1755 488 1796 se
505 1746 599 1796 natum
614 1737 653 1796 ait
667 1745 697 1796 et
714 1736 853 1816 pupillum
868 1736 1014 1814 relictunn,
1030 1753 1126 1816 eoque

23 1835 27 1844 '
124 1823 238 1884 facilins
253 1822 369 1883 licentia
386 1819 496 1896 Syllani
512 1822 650 1898 temporis
666 1827 781 1880 exutum
797 1822 980 1900 patrimonio.
1012 1819 1128 1880 Docuit

124 1906 229 1968 multos
245 1916 274 1966 et
289 1906 417 1982 nobiles,
440 1906 577 1983 nisusque
596 1913 641 1964 est
656 1904 832 1986 peridoneus
849 1914 1044 1984 praeceptor,
1066 1923 1127 1966 rna-

14 2033 15 2036 ,
124 1994 201 2052 xirne
223 1990 259 2051 ad
281 1991 425 2069 poeticam
444 1987 642 2067 tendentibus,
663 1997 692 2049 ut
711 1988 825 2068 quidem
841 2008 986 2070 apparere
1010 1987 1059 2048 vel
1081 1987 1162 2052 hicn

125 2075 278 2134 versiculis
294 2082 406 2154 potest:

332 2161 396 2218 Gaio
410 2163 619 2234 pneumaticum,
637 2161 737 2218 Latina
755 2161 845 2232 Siren,

333 2245 387 2312 Qut
396 2247 470 2301 solus
484 2247 546 2318 lepti
560 2259 595 2300 nc
608 2244 680 2316 fucit
702 2252 810 2317 poetas.
854 2303 856 2310 Α

14 2313 15 2316 '
125 2326 153 2384 ls
177 2325 295 2403 scripsit
309 2333 430 2402 praeter
449 2326 652 2402 grammaticos
671 2324 789 2386 libellos
812 2327 898 2387 etiam
916 2334 1066 2406 poemata,
1090 2344 1131 2387 ex

126 2408 238 2509 quibus·
249 2410 406 2489 praecipue
419 2408 576 2488 probentur
592 2406 702 2482 Lydia
721 2408 883 2471 etlliana.
906 2409 1013 2487 Lydiae
1025 2408 1164 2474 'l'icidau

125 2503 265 2554 memma·
342 2583 430 2655 Lydio
444 2583 585 2638 doctorum
601 2582 903 2645 mantuanensium
926 2541 929 2548 Δ

126 2660 355 2722 Dianaellinna:
468 2703 474 2709 -

301 2749 401 2806 Secula
411 2757 579 2822 pnmnneut
591 2753 679 2808 nostri
693 2751 832 2823 llictpnuo
847 2751 965 2808 Ontonia

127 2831 207 2891 Vixit
222 2829 257 2891 ad
269 2838 426 2891 extremam
441 2839 604 2910 senectam,
620 2830 716 2890 sedin
731 2847 838 2890 summa
850 2831 992 2910 pauperie
1006 2839 1035 2891 et
1050 2847 1165 2908 penest
1188 2835 1191 2840 '

126 2915 241 2993 inopia,
258 2912 370 2973 abditus
385 2913 500 2974 modico
514 2917 684 2992 gurgustio,
704 2924 857 2994 postquam
873 2913 1038 2976 Tusculana
1057 2913 1130 2974 villa

128 2997 319 3058 creditoribus
333 3007 479 3076 cesserat,
495 3006 526 3057 ut
541 3007 643 3059 auctor
658 3007 704 3058 est
718 2995 889 3058 Bibaculus:
950 3049 952 3054 ,

332 3085 365 3142 Si
379 3088 440 3160 punit
451 3085 526 3160 sorte
542 3087 596 3142 mei
607 3087 715 3143 domum
730 3083 851 3166 Ceionio,

331 3171 462 3242 Depictus
475 3171 556 3226 minio
571 3173 695 3239 emulus,
710 3175 737 3225 et
748 3166 808 3227 illos

330 3255 452 3312 emundis
468 3255 540 3311 uidet
553 3254 676 3312 hortulos
688 3253 790 3326 Priapi
795 3280 803 3311 .-

332 3337 469 3408 Mirctur,
484 3339 579 3410 quibus
590 3339 635 3394 illc
648 3340 797 3408 disciplinis

334 3421 449 3475 Tantum
463 3423 497 3476 sit
512 3424 673 3492 sapientium
690 3429 841 3490 concentus,

337 3503 420 3569 Qum
435 3509 490 3558 tres
505 3506 645 3572 cauliculi,
661 3505 761 3560 selibra
775 3505 877 3577 sarran,
