2408 3870
55 482 135 529 Codex
142 481 211 525 Madi-

54 544 108 578 uens
132 536 210 576 tertius

90 2493 146 2534 sque
156 2482 204 2526 afn-

104 2545 152 2575 nes.

213 154 299 200 XXIV
531 178 536 184 -
556 152 772 204 rennuente.-

220 311 281 367 dem
301 309 618 367 librorumdisorimina
643 317 709 382 quot
733 317 886 382 temporum
906 311 1026 367 decursu
1052 313 1134 368 iacta

219 401 299 463 sunt,
318 401 346 449 at
364 395 460 449 eadem
475 400 552 450 uerte
567 411 671 464 genera
690 411 722 449 ae
738 393 869 451 familiae.
1197 393 1199 400 ⁴

284 478 313 532 In
332 477 443 548 optimis
465 484 493 532 et
513 477 713 548 antiquissimis
731 477 875 535 eodioibus
898 483 962 550 post
983 477 1130 534 Memmia-

220 577 283 615 num
311 560 372 638 iure
399 565 529 614 oensetur
556 560 730 616 Florentinus
759 561 944 620 biedioeus
974 561 1062 632 plutei
1093 567 1131 620 68

219 648 366 702 numeret
386 638 446 714 (ap.
462 643 638 698 montfaucon
655 638 704 715 10)
726 643 806 699 Saea.
823 644 869 698 XI.
894 643 967 698 binis
986 645 1133 699 columnis.

218 727 349 798 scriptus.
395 726 516 781 Tertium
538 726 625 796 vulgo
652 727 792 782 nominant
818 721 1048 799 Medioeorum¹')
1075 743 1133 781 eo·

218 827 294 879 rum,
318 825 387 880 quos
411 809 528 864 laoobus
548 808 684 864 Friderioi
708 809 728 864 f.
747 808 903 866 Gronovius
929 810 964 866 ad
984 811 1128 880 margines

218 891 371 965 Gryphiani
388 893 507 964 exempli
528 908 554 947 a.
570 896 639 950 1544
652 891 720 947 editi
738 892 855 950 oollatos
871 893 1051 964 possidebat,
1074 893 1130 948 sed

218 976 310 1047 aliqua
325 975 496 1030 oonseientia
510 974 690 1046 praepeditus
709 990 798 1045 nequa
815 976 876 1047 ipse
891 976 919 1029 in
933 993 982 1030 sna
999 976 1127 1031 editione

219 1058 344 1114 adhibuit
359 1075 449 1128 neque
464 1058 528 1113 aliis
549 1058 667 1114 utendos
680 1058 821 1130 parmisit3
846 1059 936 1114 donee
950 1058 1127 1120 Abrabamus

218 1139 375 1207 Gronovius
391 1145 470 1212 patra
487 1157 538 1196 suo
554 1147 661 1196 mortuo
679 1157 727 1202 eas
742 1141 838 1212 copias
851 1140 1050 1216 Oudendorpio
1066 1147 1126 1196 tra-

217 1224 295 1280 didit.
341 1223 401 1280 Non
420 1223 492 1279 maie
512 1223 607 1279 collati
633 1240 696 1280 esse
718 1224 863 1293 videntur,
891 1225 940 1280 sed
963 1225 1125 1294 frequenter

217 1307 324 1363 numeri
343 1308 443 1378 quihus
465 1306 672 1376 distinguuntur
697 1315 720 1365 1.
745 1313 771 1364 2.
787 1313 810 1366 3.
835 1307 931 1362 neseio
957 1308 1036 1363 ouius
1053 1307 1129 1363 vitio-

217 1390 326 1447 eoniusi
350 1397 431 1458 sunt,
454 1406 506 1460 qua
528 1407 559 1444 ru
582 1405 676 1446 eorum
700 1391 835 1446 librorum
858 1391 1010 1446 auotoritas
1033 1391 1125 1446 miuus

217 1480 294 1529 carta
317 1474 371 1529 tide
393 1473 499 1528 nititur.
544 1473 629 1528 Huius
653 1473 738 1544 igitur
754 1473 829 1528 tertii
850 1474 1047 1545 praestantiam
1069 1473 1127 1528 iarn

216 1556 369 1613 Politianus
394 1562 567 1626 cognoverat
592 1556 712 1626 ideoque
735 1555 889 1612 contulerat
911 1573 935 1612 a.
959 1563 1041 1620 ndum
1060 1574 1128 1612 uum,

217 1641 241 1696 is
257 1639 433 1695 Florentinus
455 1640 545 1695 codex
566 1655 601 1693 ex
618 1639 649 1692 D.
666 1639 751 1694 diaroi
768 1639 939 1696 bibliotheca
957 1656 1037 1710 quem
1055 1656 1124 1695 eon-

216 1723 315 1778 tulissa
331 1739 362 1778 sa
381 1722 420 1778 ait
434 1739 489 1778 nou
505 1721 575 1778 alius
592 1721 642 1776 iuit
657 1727 739 1793 utque
755 1723 896 1778 Medieeus
908 1729 934 1792 3,
953 1723 982 1778 id
997 1725 1072 1794 quod
1087 1739 1133 1800 eu¹

215 1807 293 1862 vitiis
314 1806 355 1860 ilii
377 1806 500 1878 propriis
518 1803 698 1874 intelligitur;
717 1807 804 1861 verba
826 1823 852 1877 p.
871 1813 937 1875 129,
960 1813 991 1864 21
1015 1812 1044 1860 ut
1063 1809 1123 1877 qui-

216 1890 280 1944 dam
291 1894 408 1960 putant·
427 1906 453 1961 p.
466 1894 527 1957 249,
545 1893 561 1947 7
577 1889 636 1942 ittos
650 1889 702 1942 otti
715 1889 881 1954 reddideram
895 1907 922 1961 p.
939 1896 1000 1958 250,
1015 1896 1049 1947 22
1064 1892 1123 1944 ius-

215 1979 291 2027 serat
306 1974 406 2028 deesso
417 1972 568 2027 Politianus
584 1977 612 2026 et
628 1970 786 2028 Gronovius
801 1973 984 2044 prodiderunt
1000 1973 1064 2029 soli.
1094 1973 1127 2028 Is¹

216 2056 302 2126 igitur
319 2055 392 2110 liber
411 2055 445 2110 ad
460 2053 650 2109 Memmianum
665 2055 791 2126 proxime
800 2050 833 2121 ¹³)
854 2057 964 2112 aoeedit
979 2073 1019 2112 vao
1034 2073 1120 2127 saepe

214 2139 291 2194 solus
309 2155 369 2192 eum
390 2154 424 2193 ao
445 2137 492 2191 vel
516 2143 593 2194 reeta
615 2139 739 2194 servavit
754 2139 799 2194 vei
823 2144 970 2211 oorruptus
988 2146 1046 2208 est,
1070 2139 1120 2194 oi.
1185 2185 1191 2192 .

213 2238 241 2293 p·
257 2227 308 2290 21,
323 2227 358 2279 30
371 2228 397 2275 et
413 2223 439 2275 vi
453 2220 596 2275 Nicomedi
608 2221 756 2292 seriptum;
775 2239 801 2294 p.
815 2228 867 2292 32,
882 2228 916 2281 26
933 2228 961 2276 et
975 2228 1025 2290 76,
1046 2229 1077 2279 12
1093 2228 1123 2277 at

213 2309 257 2373 92,
275 2311 308 2363 31
326 2303 402 2358 thro
418 2309 446 2358 at
459 2306 594 2374 inuentum
610 2310 638 2358 et
655 2306 712 2358 eius
727 2305 838 2362 omissa.
884 2306 940 2361 Sed
955 2307 1040 2360 multo
1057 2321 1121 2362 sae-

213 2387 275 2458 pius
292 2387 481 2444 udiemmiano
496 2387 630 2443 desoiseit
645 2394 673 2442 et
687 2389 722 2444 ad
735 2389 852 2444 alterum
867 2404 968 2459 genus,
985 2388 1064 2444 euius
1078 2395 1120 2444 est

212 2471 396 2527 Medieeus
415 2471 565 2542 primus,
589 2469 723 2540 deflectit,
739 2477 769 2526 ut
785 2473 830 2528 vei
846 2487 907 2526 eum
925 2488 958 2527 eo
974 2472 1036 2527 solo
1052 2488 1119 2543 peo-

168 2601 170 2608 ,
214 2561 274 2624 oet,
298 2561 326 2609 ut
341 2571 366 2626 p.
385 2561 434 2622 19,
448 2559 482 2613 36
499 2556 528 2608 in
543 2555 601 2608 daea
618 2559 646 2608 et
661 2571 688 2624 p.
706 2539 768 2623 104⁵,
784 2559 818 2612 14
831 2571 961 2627 umquam
977 2555 1116 2624 omittens,

170 2637 175 2644 ”
213 2639 258 2692 vei
275 2654 335 2692 oum
352 2636 526 2692 multitudine
542 2636 711 2692 deteriorum
730 2637 864 2692 librorum
881 2638 1007 2693 Madieeo
1030 2638 1119 2708 primo
1180 2655 1187 2661 ·

214 2720 337 2775 aiiinium
368 2721 463 2776 uadem
493 2719 653 2791 corruptela
684 2720 813 2774 laborat:
855 2721 1120 2777 Tornaoensem

283 2897 330 2962 12)
349 2899 444 2948 Novem
456 2898 568 2949 Suetonii
583 2899 698 2963 exempta
710 2899 823 2948 Medioea
835 2909 983 2950 enumerant
997 2909 1021 2949 et
1038 2901 1116 2950 Mont-

213 2965 306 3016 iauoon
325 2974 349 3016 et
366 2967 481 3028 Bandini‚
500 2967 563 3032 plut.
584 2967 626 3027 64,
647 2967 722 3018 3—9.
740 2967 782 3028 66,
801 2967 842 3018 39.
860 2969 902 3029 68,
919 2965 934 3016 7
952 2967 1055 3034 (Menti.
1073 2967 1116 3034 lt)

212 3033 334 3100 pleraque
352 3050 418 3086 eaeo.
434 3034 491 3084 XV.

283 3115 328 3180 13)
344 3119 394 3169 Eos
413 3119 469 3170 dieo
489 3119 531 3180 qui
549 3126 692 3168 constanter
709 3121 847 3186 comparati
865 3130 931 3171 sunt.
970 3119 1033 3171 Nam
1047 3121 1114 3170 Pari·

212 3184 296 3234 sinum
312 3185 382 3238 5804
400 3200 466 3237 eaeo.
481 3183 538 3236 XV.
555 3188 647 3250 ubique
665 3187 719 3236 fere
737 3203 794 3237 eum
807 3189 957 3240 Memmiano
973 3189 1056 3238 faeere
1072 3189 1113 3237 de·

211 3253 343 3318 prehendi.
380 3255 450 3304 Certe
468 3254 640 3305 Parisinorum
658 3256 728 3306 solus
746 3273 803 3316 oum
826 3257 975 3308 Memmiano
999 3273 1025 3322 p.
1046 3256 1074 3316 3,
1097 3255 1114 3306 8

212 3321 309 3370 Annum
325 3338 404 3386 auena
417 3329 527 3383 sextum
544 3339 569 3389 p.
586 3323 629 3386 53,
647 3323 663 3375 3
682 3327 790 3388 coempti
806 3329 831 3376 in
844 3329 993 3388 pernicium
1012 3342 1037 3391 p.
1058 3325 1103 3376 107

213 3389 246 3440 18
264 3405 317 3440 eam
330 3393 434 3454 amplius
447 3392 567 3456 seriptum
585 3391 669 3446 natet.
