2444 3872
477 221 582 270 arvus
599 221 790 270 accusans.
1071 213 1112 274 75
1147 294 1179 318 Α

1 435 2 452 .
106 383 138 434 nt
157 376 187 433 in
203 378 341 436 extremis
356 379 456 456 spatiis
473 376 625 438 subsultim
638 377 823 453 denumerat,
845 378 990 454 segestria
1005 377 1053 438 vel
1069 377 1112 438 lo·

106 457 203 519 dieula
218 459 373 521 involutus.
392 461 486 521 Animi
502 460 617 522 laxandi
635 479 722 521 causa
735 457 823 522 modo
840 459 1004 541 piscabatur
1017 460 1112 537 hamo,

105 541 195 602 modo
218 543 284 604 talis
304 554 353 605 aut
375 545 512 606 ocellatis
530 544 710 623 nucibusque
731 544 849 606 ludebat
866 562 930 607 cnm
948 546 1047 622 pueris
1062 547 1112 606 mi·

105 627 197 702 natis,
214 644 289 706 quos
303 628 380 689 facie
396 639 427 688 at
439 629 610 707 garrulitate
625 627 756 689 amabilis
772 628 898 708 undique
911 628 1112 708 conquirebat,

81 713 269 790 spraeoipne
282 712 400 774 Mauros
421 722 450 774 et
465 715 567 788 Syros.
596 711 669 772 Nam
685 713 810 791 pumilos
827 721 916 791 atqua
931 711 1072 774 distortos
1084 721 1113 772 et

106 797 201 855 omnis
222 797 343 872 generis
363 797 507 875 eiusdem,
529 806 558 856 ut
579 796 703 857 ludibria
726 805 846 858 naturae
868 796 993 875 malique
1010 797 1113 858 ominis

106 878 294 940 abhorrebat.

167 963 371 1042 Eloquentiam
388 964 539 1043 studiaque
556 963 688 1024 liberalia
700 962 737 1024 ab
750 972 846 1025 aetate
862 966 993 1043 primast
1008 963 1157 1042 eupidesa

107 1055 137 1106 et
162 1046 394 1110 laboriosissime
416 1051 558 1110 exercuit.
601 1047 755 1108 llntincnai
779 1047 859 1109 bello
884 1049 913 1108 iu
933 1056 1012 1108 tanta
1034 1047 1112 1110 mole

69 1143 204 1190 atremm
227 1140 257 1191 et
270 1133 383 1210 legisse
398 1141 427 1194 et
444 1134 600 1210 scripsisse
615 1140 644 1191 et
661 1130 844 1210 declamasse
860 1131 966 1192 cotidie
976 1129 1113 1192 traditur.

7 1272 10 1281 ,
105 1214 180 1274 Nam
202 1213 343 1294 deinceps
364 1233 460 1294 neque
481 1219 510 1275 in
534 1224 636 1276 senatu
657 1233 754 1294 neque
769 1215 847 1294 apud
862 1215 1002 1295 populum
1016 1232 1112 1293 neque

1 1302 13 1324 ‘¹
106 1299 184 1377 apud
206 1298 312 1360 milites
333 1299 447 1360 lucunas
470 1307 515 1360 est
535 1316 667 1377 umquam
687 1301 741 1358 uisi
756 1299 890 1362 meditata
907 1309 937 1360 et
949 1300 1113 1380 composita

107 1383 259 1458 oratione,
280 1385 410 1461 quamvis
431 1401 489 1444 non
511 1383 687 1444 deliceretur
701 1382 739 1443 ad
754 1383 847 1446 subita
863 1383 1057 1463 extemporali
1071 1382 1112 1444 ia·

1 1493 4 1544 f
107 1466 225 1526 cultata.
256 1465 301 1527 Ac
322 1485 359 1526 ne
380 1466 540 1546 periculum
561 1468 719 1526 memoriae
739 1466 831 1526 adiret
846 1477 894 1528 aut
907 1470 936 1528 in
954 1465 1112 1528 ediscendo

70 1558 97 1600 1³
107 1559 225 1628 tempus
242 1549 422 1628 absumeret,
442 1553 561 1612 instituit
583 1551 709 1611 recitare
731 1553 835 1612 omnia.
865 1552 1025 1613 Sermones
1042 1567 1113 1630 quo·

107 1651 165 1712 que
188 1649 251 1694 curn
273 1635 395 1712 siugulis
418 1643 504 1714 atque
530 1635 614 1694 etium
629 1653 694 1694 cum
708 1633 787 1694 Liria
806 1653 858 1696 sua
873 1637 1028 1713 graviores
1043 1652 1112 1694 non-

0 1749 1 1754 *
107 1717 163 1778 nisi
185 1719 314 1797 scriptos
334 1727 364 1778 et
379 1738 396 1778 e
413 1717 516 1779 libello
533 1717 674 1795 babebat,
696 1736 734 1778 ne
751 1718 818 1797 plus
831 1719 962 1780 minusue
977 1718 1112 1797 loquere·

105 1811 155 1863 tur
181 1819 218 1861 ex
239 1811 384 1881 tempore.
416 1801 623 1864 Pronuntiabat
637 1801 713 1862 dulci
728 1811 757 1862 et
772 1804 894 1882 proprio
911 1800 1036 1881 quodem
1053 1802 1114 1862 oris

1 1939 2 1946 ,
108 1903 195 1961 sono,
211 1885 355 1964 dabatque
371 1887 487 1947 assidue
503 1886 654 1966 phonasco
671 1903 807 1964 operam;
824 1886 877 1948 sed
891 1901 1113 1964 nonnumquam,

51 1970 257 2032 'dirimatis
277 1969 424 2048 lancibus,
446 1972 604 2051 praeconis
621 1987 696 2029 voce
713 1969 749 2030 ad
769 1970 909 2050 populum
925 1971 1114 2031 concionatus

107 2063 163 2114 est.

172 2137 261 2200 blulta
276 2140 347 2198 rarii
363 2139 482 2216 generis
496 2156 586 2216 prosa
604 2138 736 2199 oratione
753 2139 995 2216 composuit‚,ox
1009 2136 1156 2216 quiburss

105 2221 246 2283 nonnulla
261 2223 289 2280 in
307 2232 393 2282 coetu
408 2221 588 2282 ianniliarium
603 2221 725 2284 velutin
741 2221 884 2284 auditorio
902 2221 1052 2297 recitavit,
1074 2221 1113 2280 si·

109 2315 158 2386 ont
181 2304 349 2384 Rescripta
371 2304 470 2366 Bruto
493 2303 686 2380 decaicus,
708 2323 782 2384 quae
803 2305 950 2369 volumina
973 2323 1037 2366 eum
1058 2305 1115 2364 iam

70 2397 98 2439 ²⁶
108 2391 211 2450 senior
226 2407 265 2448 ex
279 2407 384 2467 magna
399 2398 482 2469 parte
497 2389 629 2466 legisset,
638 2390 777 2467 fatigatus
785 2388 902 2450 Tiberio
918 2387 1033 2450 tradidit
1048 2405 1114 2466 per·

107 2472 249 2552 legenda;
272 2475 340 2534 item
355 2472 557 2535 Hortctionea
577 2472 621 2533 od
636 2472 884 2552 philosophiam,
907 2482 936 2532 ct
958 2468 1116 2549 aliqualis

5 2632 10 2641 ν
107 2559 176 2618 oito
194 2574 271 2633 sco,
294 2576 378 2636 quam
395 2557 535 2618 tredecim
549 2557 648 2634 libris,
668 2554 844 2618 Cantabrico
860 2565 944 2618 tenus
961 2554 1042 2616 bello
1059 2571 1115 2614 nec

107 2642 200 2718 ultra,
217 2643 364 2722 exposuit.
397 2641 516 2703 Poetioa
530 2641 688 2702 summatim
704 2643 807 2719 attigit.
836 2641 918 2702 llum
934 2639 1010 2700 liber
1025 2636 1114 2714 extat,

109 2727 237 2805 scriptus
258 2726 294 2786 ab
309 2745 348 2786 ao
362 2725 538 2788 hexametris
553 2723 701 2801 versibus,
725 2726 806 2785 onius
825 2732 855 2784 et
873 2730 1071 2802 argumentum
1086 2730 1115 2781 et

1 2861 2 2864 η
72 2810 208 2874 iotitulus
230 2818 275 2871 est
290 2809 402 2872 Sicilia
407 2835 424 2882 ,·
445 2818 525 2870 extat
546 2809 621 2869 alter
641 2827 734 2886 acque
752 2807 882 2870 modicus
896 2805 1114 2887 Epiprummc·

1 2869 2 2964 i
109 2901 188 2970 tam,
211 2911 284 2972 quae
305 2896 369 2954 iere
388 2904 521 2973 tempore
541 2893 648 2954 balinei
669 2892 867 2954 meditabatur.
903 2890 976 2952 Nam
997 2900 1114 2968 tragoe-

1 2975 2 3030 i
96 2977 185 3039 diam
201 2995 306 3056 magno
323 2981 431 3057 impetu
447 2995 585 3054 exorsus,
609 2993 666 3038 non
688 2976 857 3038 succedenti
881 2976 964 3053 stilo,
986 2975 1115 3036 abolevit

1 3133 2 3138 γ
109 3061 375 3142 quaerentibusque
404 3063 520 3138 amicis,
548 3061 681 3140 quidnam
704 3060 780 3122 Aiax
805 3070 925 3139 ageret,
952 3057 1114 3140 respoudit,

1 3141 2 3180 ³
110 3142 232 3208 Aiacem
248 3161 328 3206 sunm
343 3148 372 3205 in
389 3163 551 3226 spongeam
565 3143 740 3207 incubuisse.
802 3210 803 3213 ,

71 3230 100 3288 s's
174 3229 274 3292 Genus
292 3230 449 3310 eloquendi
471 3239 588 3290 secutus
603 3238 648 3289 cst
663 3228 785 3307 elegans
800 3238 830 3290 et
844 3235 1053 3307 temperatum,
1073 3226 1157 3292 viae

6 3374 9 3382 ,
108 3318 177 3376 tatis
191 3314 529 3393 sententiarumjneptiis
542 3322 627 3392 atque
643 3317 835 3384 concinnitate
845 3321 875 3372 et
884 3309 1115 3373 reconditorum

107 3397 292 3477 verbm,
311 3408 341 3460 ut
356 3401 421 3478 ipse
437 3398 522 3475 dicit,
537 3395 732 3475 socioribca,·
757 3398 1003 3476 praecipuamque
1019 3411 1115 3454 curam

1 3501 2 3542 1
108 3481 205 3563 duxit,
220 3484 436 3552 sensumanimi
451 3500 535 3562 quam
550 3482 732 3560 apertissime
747 3481 922 3559 exprimere.
955 3476 1040 3553 Quod
1055 3493 1115 3556 qao
