2412 3876
106 203 143 263 12
190 216 219 264 c.
237 215 385 263 susronr
401 217 528 276 ranno.
545 217 592 264 ιιιι
607 188 689 264 vrrs
706 217 891 265 cassanum
907 219 976 264 ara.
991 219 1015 264 1.

102 389 175 430 mam
196 370 326 448 redegit
348 373 434 450 eique
450 371 546 408 ***
537 389 565 429 ιιι
580 372 712 449 singulos
729 391 820 432 annos
842 311 979 472 etspendii
994 349 1109 430 nomine

102 457 250 533 inposuit
249 454 441 532 Germanos,
458 456 506 533 qui
521 463 600 515 trans
617 456 748 516 Rhenum
765 456 908 554 incolunt,
926 459 1034 534 primus
1050 455 1108 514 Ro·

101 557 249 598 manorum
271 547 360 618 ponte
384 539 526 598 fabricato
549 538 722 616 adgressus,
744 542 874 600 maximis
891 538 998 600 adfecit
1022 538 1109 598 cladi-

102 624 170 692 bus;
195 621 353 699 adgressus
370 633 415 683 est
431 632 460 682 et
476 621 627 683 Britannos
645 626 764 702 ignotos
782 634 880 701 antea,
903 623 1109 702 superatisque

103 708 241 786 pecunias
263 715 293 766 et
315 707 432 768 obsides
453 707 618 785 imperavit:
646 726 700 786 per
722 717 765 768 tot
787 725 941 769 successus
963 717 1026 782 ter,
1053 724 1132 774 neos

103 791 240 870 amplius,
263 790 415 851 adversum
438 801 547 850 casum·
562 801 716 890 expertus:
745 791 941 852 in‘Britannia
963 791 1060 851 classe
1081 791 1111 848 vi

103 877 283 953 tempestatis
305 893 398 973 prope
420 875 588 952 absumpta,
610 877 668 934 ιι
661 879 689 934 n'r
706 875 800 936 Gallia
817 875 853 935 ad
871 875 1047 952 Gergoviam
1069 874 1110 932 le-

103 962 191 1038 gione
207 958 287 1034 lusa,
304 968 333 1018 et
348 960 380 1024 in
394 959 599 1020 Germanorum
616 959 719 1018 linibus
737 958 846 1042 Titprio
865 968 893 1018 et
912 958 1110 1018 Aurunculeio

38 1045 208 1124 ‘retegatis
221 1059 278 1120 per
295 1043 412 1103 insidias
431 1043 535 1121 caesis.
579 1042 692 1102 Eodem
712 1045 855 1121 temporis
877 1045 972 1122 spatio
989 1051 1110 1102 matrem

104 1129 211 1206 primo,
235 1125 339 1186 deinde
355 1127 455 1202 liliam,
474 1144 529 1185 nec
545 1126 633 1186 multo
653 1136 719 1205 post
734 1135 870 1204 nepotem
889 1127 989 1186 amisit.
1030 1125 1110 1185 later
1123 1149 1147 1188 ao

104 1229 195 1290 quae,
212 1218 397 1270 consternata
409 1171 492 1270 Publi
506 1207 591 1269 Glodi
608 1211 698 1270 caede
714 1230 746 1271 re
764 1211 896 1290 publica,
913 1229 976 1270 curn
992 1218 1111 1270 senatus

103 1313 188 1354 unum
208 1293 359 1354 consulem
379 1295 603 1373 nominatimque
626 1295 752 1356 Gnaeum
773 1294 941 1373 Pompeium
956 1295 1019 1354 fieri
1043 1313 1110 1353 cen-

104 1379 209 1440 suisset
218 1379 304 1456 ,egit
319 1397 382 1440 eum
397 1373 525 1438 tribunis'
537 1378 632 1457 plebis
650 1378 795 1456 collegam
817 1397 849 1438 se
865 1379 1006 1458 Pompeio
1023 1378 1110 1437 desti-

103 1461 253 1537 nantibus,
272 1461 301 1521 id
323 1464 418 1541 potius
434 1461 469 1522 ad
485 1462 625 1541 populum
640 1463 751 1522 ferrent
765 1471 795 1522 ut
809 1463 923 1524 absenti
939 1463 1003 1539 sibi,
1021 1479 1110 1540 quan·
1180 1459 1181 1462 ’

104 1547 200 1624 doque
217 1505 331 1624 irdperii
345 1555 458 1633 tempus
476 1547 591 1625 expleri
606 1549 767 1624 coepisset,
784 1549 886 1626 petitio
903 1546 1023 1607 secundi
1040 1563 1109 1605 con-
1121 1568 1147 1608 rs

104 1630 213 1690 sulatus
236 1623 377 1706 daretur,
389 1649 425 1688 ne
450 1649 484 1690 ea
508 1649 594 1691 causa
616 1632 754 1690 maturius
777 1641 805 1690 et
826 1633 990 1710 inperfecto
1016 1631 1110 1690 adhuc

103 1713 183 1774 bello
200 1713 366 1774 decederet
411 1714 495 1788 Quod
512 1723 540 1772 ut
556 1714 677 1793 adeptus
694 1723 754 1790 est,
777 1715 905 1775 altiora'
897 1735 952 1776 ιιιιι
967 1715 1110 1774 meditans

101 1807 133 1858 et
159 1798 224 1876 spei
249 1797 351 1876 plenus
373 1798 480 1858 nullum
502 1797 664 1875 largitionis
692 1807 739 1858 aut
762 1799 963 1859 ciliciorum
955 1818 983 1858 ιιι
1012 1816 1109 1877 qnem-

104 1899 188 1960 quam
210 1900 303 1962 genus
322 1881 439 1960 publice
463 1883 653 1960 privatimque
679 1883 783 1942 omisit.
827 1882 934 1942 Forum
957 1883 993 1943 de
1012 1901 1110 1941 manu·

18 1965 86 2052 x,iss
104 1966 159 2026 biis
175 1965 336 2042 inoboavit,
361 1967 442 2026 cuius
460 1983 533 2026 ,area
554 1985 642 2044 super
667 1967 830 2026 sestertium
850 1965 955 2027 milies·
968 1967 1107 2026 constitit.
1119 1984 1147 2024 ae

37 2045 42 2051 ”
104 2049 205 2110 liunus
228 2049 337 2128 populo
362 2050 537 2129 epulumque
559 2051 753 2129 pronuntiavit
775 2053 803 2110 in
831 2052 908 2112 filiae
929 2052 1109 2125 memoriam,

105 2131 182 2211 quod
204 2141 268 2192 ante
290 2151 355 2192 eum
370 2151 465 2194 nemo.
510 2135 637 2208 Quorum
656 2143 684 2192 ut
702 2151 786 2212 quam
801 2137 923 2196 maxima
940 2135 1109 2213 expectatio

106 2223 201 2290 esset,
223 2233 257 2275 ea
280 2234 353 2314 quae
375 2216 412 2277 ad
434 2217 549 2295 epulum
571 2219 765 2296 pertinerent,
793 2220 922 2296 quamvis
944 2218 1109 2279 macellaris

105 2300 255 2374 ablocata,
274 2301 369 2365 etiam
377 2301 585 2362 domesticatim
601 2300 771 2380 apparabat.
810 2302 994 2364 Gladiatores
1010 2310 1108 2376 notos,

105 2381 197 2444 sicubi
219 2383 333 2444 infestis
342 2386 569 2467 spectatoribus
586 2386 766 2462 dimicarent,
790 2388 817 2445 vi
840 2385 997 2464 rapiendos
1012 2403 1108 2444 reser·
1119 2406 1147 2446 aa

104 2467 274 2547 vandosque
295 2459 456 2529 mandabat
501 2468 624 2529 Tirones
644 2486 739 2546 neque
754 2471 783 2528 in
804 2469 871 2529 ludo
886 2488 982 2548 neque
999 2487 1053 2546 per
1068 2468 1108 2527 la-

105 2554 211 2628 nistas,
231 2551 307 2613 sed
299 2572 328 2612 ιιι
343 2553 472 2619 domibus
485 2572 542 2652 per
560 2554 673 2631 equites
688 2554 836 2614 Romanos
852 2563 938 2631 atque
953 2555 1039 2613 etiarn
1056 2571 1134 2631 per

106 2595 258 2696 senatores
273 2653 415 2696 armorum
429 2639 539 2715 peritos
556 2636 721 2713 erudiebat,
735 2637 872 2714 precibus
890 2638 1012 2714 enitens,
1031 2635 1109 2715 quod

105 2719 239 2799 epistulis
248 2721 310 2780 eius
321 2720 490 2797 ostenditur,
499 2730 528 2781 ut
537 2721 717 2799 disciplinam
730 2722 911 2798 singulorum
925 2723 1109 2800 susciperent

105 2805 220 2883 ipsique
240 2803 344 2864 dictata
365 2805 569 2864 exercentibus
592 2804 701 2864 darent.
737 2805 914 2882 legionibus
936 2803 1109 2882 stipendium
1118 2827 1147 2868 aa

106 2890 134 2948 in
150 2887 506 2967 perpetuumdnplicavit.
550 2889 732 2948 Frumentum
740 2886 755 2965 ,¹
765 2889 901 2966 quotiens
918 2890 1003 2967 copia
1016 2897 1109 2968 esset,

107 2972 192 3030 etiam
217 2971 278 3030 sine
298 2972 384 3032 modo
401 2989 592 3051 mensuraque
608 2972 755 3051 praebuit,
778 2991 813 3032 ao
835 2973 948 3049 singula
967 2969 1110 3030 interdum

62 3055 247 3152 atmauncipia
263 3073 279 3114 e
296 3055 403 3135 praeda
418 3057 523 3116 viritim
539 3057 625 3116 dedit.
656 3057 702 3116 Ad
722 3055 899 3116 retinendam
914 3066 1008 3116 autem
1025 3055 1110 3116 Pom·
1169 3072 1172 3078 ·

107 3139 155 3218 pei
176 3139 419 3200 necessitudinem
437 3158 471 3200 ao
490 3139 667 3200 voluntatem
684 3140 831 3201 Octaviam
847 3141 957 3201 sororis
973 3157 1043 3200 suae
1057 3157 1110 3198 ne

107 3231 202 3301 ptem,
219 3240 293 3300 quae
306 3224 377 3285 Gaio
389 3220 530 3284 Marcello
543 3233 629 3304 nupta
646 3234 723 3300 erat,
742 3224 940 3284 condicionem
956 3227 983 3285 ei
995 3223 1110 3312 detulit,
1120 3247 1148 3288 aa

108 3306 221 3384 sibique
236 3307 367 3367 filiam
339 3327 402 3368 erus
417 3309 444 3367 in
459 3309 666 3366 matrimonium
682 3310 765 3387 petit,
781 3308 888 3368 Fausto
906 3308 1005 3368 Sullae
1021 3303 1110 3367 desti·

108 3399 211 3450 natam.
257 3389 394 3452 Omnibus
414 3409 486 3452 vero
510 3393 586 3450 eirca
607 3409 671 3450 eum
692 3400 778 3470 atque
801 3393 885 3451 etiam
906 3401 988 3471 parte
1004 3406 1110 3468 magna

108 3483 224 3534 senatus
240 3475 371 3553 gratuito
387 3485 434 3536 ant
457 3476 515 3535 leui
531 3475 653 3534 foenore
668 3475 831 3552 obstrictis,
855 3493 892 3534 er
906 3475 1020 3554 reliquo
1038 3493 1110 3553 quo·

705 3578 735 3595 sl·

599 3584 686 3656 isba.
702 3600 758 3634 ¹¹¹xt.
780 3610 862 3640 ,nrm
904 3599 949 3640 ἰς

914 3647 999 3670 ι”“,
