2412 3876
434 195 642 246 PRAEFATIO.
945 202 978 248 e!

140 353 277 412 Flosculis
298 359 381 425 atque
401 354 497 418 herbis
519 371 534 410 e
557 355 639 412 Prato
660 355 801 428 decerptis
823 357 979 414 adtonitam

82 455 187 512 quoque
208 437 360 494 iudicarem
385 443 467 509 ceput
491 438 704 497 devocione
732 439 977 511 animantiam,

80 507 113 580 si*
132 523 166 580 de
190 520 355 577 auctoritate
387 520 471 592 panio
501 521 629 578 securior
655 539 753 578 essem.
798 523 882 579 Seius
905 525 978 580 errice

8 623 9 642 ³
81 603 253 666 Boxhcrnius
282 603 317 659 ed
337 601 424 659 Pianti
446 603 638 673 Menaechmos
661 611 694 675 4,
725 612 757 675 2,
787 611 821 666 91
849 601 978 664 ‘Vetus

80 687 330 761 grammaticus
354 686 547 757 Sidonius,
566 686 674 760 inquit,
695 689 773 745 cuius
797 686 979 760 fragmentum

7 774 15 827 i
81 774 114 829 de
130 771 247 828 vocibus
262 769 437 828 animantium
458 769 486 825 ie
503 770 610 840 aliquot
624 770 776 828 Glossariis
793 773 898 828 nostris
915 789 978 830 mss.

7 847 10 880 ¹*
80 855 195 926 iegitur:
217 858 318 910 noctua
337 853 481 909 cucutat’.
525 853 667 911 Eiusmodi
690 856 830 925 glossaria
849 855 883 910 de
901 855 979 912 sonis

7 945 9 958 ¹
80 937 236 995 animalium
250 937 305 994 duo
317 936 463 992 Leidensia
479 937 567 992 edidit
576 939 745 994 Burmannus
759 937 788 994 In
799 937 981 1010 Anthoiogia,

7 1021 9 1044 '
80 1019 294 1078 vetustissimum
314 1019 470 1091 exemplum
483 1018 662 1091 Aldheimus,
683 1020 730 1093 qni
750 1037 774 1077 e.
790 1025 842 1081 ⁷09
857 1027 981 1078 mortuus

79 1110 131 1171 est,
149 1103 273 1160 servavit
290 1103 365 1175 apud
380 1101 415 1158 Α.
427 1103 527 1159 Xaium
542 1103 570 1158 in
587 1102 721 1160 Classicis
736 1112 752 1164 5
768 1121 796 1177 p·
814 1104 859 1161 LII
876 1110 905 1159 et
918 1110 979 1165 569.

80 1187 138 1244 Sed
149 1185 292 1244 Sidonium
301 1180 337 1258 08)
349 1186 555 1256 grammaticum
573 1192 684 1258 praeter
695 1187 893 1259 Boxhorninm,
908 1187 982 1244 isvis

80 1268 253 1327 auctoritatis
270 1268 424 1339 homiuem,
446 1268 474 1324 in
494 1270 547 1325 heo
571 1286 603 1326 re
624 1286 704 1327 nemo
720 1271 888 1344 appellarim
911 1270 982 1328 aiio-

7 1407 8 1414 ,
79 1353 145 1426 quin
160 1354 230 1410 hacc
245 1352 393 1409 verborum
408 1352 443 1408 de
466 1352 544 1408 sonis
568 1353 725 1411 anImaiiurn
739 1353 912 1411 enumeratio
927 1370 982 1410 non

78 1437 255 1493 iniucnndum
270 1435 412 1492 iratorum
428 1441 511 1508 caput
527 1435 617 1493 videri
633 1442 731 1509 posset
744 1436 916 1510 implevisse.

142 1520 267 1591 Denique
281 1517 378 1591 paucis
395 1518 541 1574 dicendum
557 1525 602 1575 est
620 1520 655 1576 de
672 1518 708 1578 iis
726 1519 823 1591 libris,
846 1536 917 1593 quos
938 1519 981 1576 in·
1008 1524 1127 1578 muueri-

77 1604 150 1661 iana
167 1603 306 1674 quidemn
323 1600 459 1658 Suetonio
471 1601 594 1674 scriptos
610 1619 674 1659 esse
691 1603 797 1675 opinati
810 1609 881 1661 sunt.
1024 1575 1113 1630 Μὴ*

142 1686 185 1743 Ac
209 1687 325 1759 primum
350 1685 461 1755 quidem
485 1687 739 1743 commemorandus
759 1692 804 1743 est
828 1702 909 1743 error
934 1681 1144 1780 vixcssfflffiss

79 1770 225 1829 credibilis
242 1786 274 1827 ac
291 1775 382 1825 tamen
400 1768 486 1840 longe
500 1767 602 1839 diuque
620 1775 754 1840 vagatus,
777 1785 832 1841 quo
850 1768 981 1827 Caesa·
1131 1762 1138 1776 ’

7 1889 10 1934 4
79 1852 181 1913 riani
197 1852 293 1909 bciii
312 1850 445 1908 Gallici
465 1856 676 1923 ceterorumque
697 1853 758 1908 eius
777 1851 905 1925 corporis
920 1853 983 1909 hci-

7 1997 8 2002 ,
79 1941 170 1994 iorum
184 1937 306 2008 scriptor
325 1934 475 1991 Suetonius
492 1934 668 2004 Tranquillus
689 1935 800 1993 habitus
818 1941 871 1992 est.
915 1935 983 1991 lium

8 2065 9 2094 ξ
79 2036 206 2090 errorem
227 2019 262 2075 de
281 2016 458 2074 Caesarianis
480 2016 641 2088 codicibus,
664 2025 693 2073 nt
715 2019 822 2092 aliquot
847 2019 984 2091 exemplis

7 2095 11 2142 f
77 2111 153 2173 utar,
169 2101 375 2173 Bongerrianus
392 2099 599 2172 antiquissimus
612 2107 640 2157 et
652 2101 771 2174 optimus
787 2102 879 2159 statim
893 2102 984 2174 primo

76 2189 154 2254 libro
169 2186 281 2242 incunte
298 2200 366 2260 prae
381 2200 412 2240 se
425 2184 488 2252 fert,
503 2189 558 2239 tum
570 2184 786 2256 Hamhurgensis
801 2185 875 2242 libro
890 2185 941 2242 Vll
958 2189 986 2239 et

77 2271 143 2326 VIII
161 2275 303 2337 extremo,
319 2265 498 2322 Goihertinua
514 2271 583 2328 2957
598 2268 672 2340 apud
685 2268 878 2338 montfaucon,
897 2267 986 2324 meni-

77 2369 148 2410 ccus
162 2351 289 2420 LXVIII,
306 2355 321 2410 t
344 2349 378 2406 do
394 2364 449 2420 quo
464 2366 547 2422 supra
569 2368 595 2423 p.
612 2351 701 2408 XXIV
715 2351 817 2407 dictum
833 2357 885 2407 est.
929 2349 986 2406 Aa·

77 2437 164 2494 cedat
178 2433 406 2492 vindobonensis
428 2433 519 2490 codex
542 2438 591 2504 60,
618 2435 762 2492 historiam
779 2433 986 2490 miscellaneem

76 2520 202 2576 nondum
221 2516 317 2574 formis
335 2515 496 2588 impressam
517 2517 679 2587 continens,
701 2519 729 2574 in
746 2534 799 2589 que
816 2516 890 2572 bella
907 2515 987 2570 dein-

8 2639 9 2646 ι
78 2619 150 2676 ceps
164 2602 298 2660 Gallicum
310 2598 398 2656 Civile
406 2598 568 2655 Africanum
577 2601 793 2658 Alexandrinum
801 2598 986 2672 Hispaniense

77 2686 115 2743 ‘a
132 2684 267 2742 Suetonio
282 2683 369 2739 milite
386 2681 516 2739 Caesaris
532 2689 560 2737 et
576 2684 670 2740 iorsan
688 2701 794 2756 proavo
811 2684 871 2740 eius
887 2681 933 2754 qui
951 2682 986 2738 de

79 2770 138 2828 vita
156 2769 305 2826 Caesarum
320 2765 450 2838 scripsit’
470 2766 625 2837 composita
646 2783 711 2822 esse
732 2767 883 2824 traduntur.
931 2765 988 2822 Sed

8 2877 9 2880 ¹
78 2853 156 2909 idem
172 2869 253 2908 error
268 2848 476 2921 antiquissimus
491 2855 541 2912 cst,
559 2866 619 2906 curn
633 2849 729 2922 annto
744 2850 858 2907 saeculo
875 2849 988 2905 incunte

25 2980 33 2992 s
78 2936 200 2993 Orosius
215 2934 241 2990 in
257 2931 400 3005 Hispania,
418 2932 509 2989 medio
526 2932 657 2992 Sidonius
671 2933 843 3006 ApoIIInaris
855 2934 883 2990 in
899 2931 988 2990 Gaiiia

78 3021 107 3076 ci
125 3019 266 3076 obnoxius
287 3016 381 3071 fucrit.
424 3015 475 3072 liic
492 3015 564 3072 enirn
585 3033 636 3073 sno
653 3017 882 3073 Caesarianornm
897 3016 989 3072 belio-

76 3121 142 3160 rum
155 3101 320 3170 summario‚
337 3097 411 3170 quod
430 3114 465 3154 ex
480 3101 678 3172 superstitibus
693 3099 757 3156 Divi
771 3101 835 3156 Iulii
850 3115 974 3156 commen

151 3245 200 3311 98)
238 3245 319 3313 Supra
348 3246 457 3297 vidimus
480 3263 506 3313 p.
527 3247 606 3298 XCIV
629 3247 743 3298 Suetonii
764 3263 854 3298 nomen
873 3247 979 3310 frequen

75 3323 119 3367 ter
136 3317 164 3364 in
184 3313 308 3366 Sitonium
330 3323 353 3366 ct
375 3315 506 3366 Sidonium
527 3318 618 3368 abisse.
655 3317 692 3366 Dc
710 3315 814 3367 Sidonio
831 3315 924 3366 Citerio
944 3313 980 3376 Sy

7 3449 8 3452 Ἴ
76 3398 221 3448 musano,
247 3386 289 3448 qni
304 3385 413 3434 Ausonii
434 3385 546 3448 aequalis
562 3385 643 3436 inisse
662 3385 769 3446 dicitur,
798 3399 839 3433 res
855 3381 991 3432 edmcdum

7 3473 8 3478 ¹
76 3461 203 3520 suspecte
221 3459 273 3515 est,
294 3467 327 3502 en
345 3466 465 3516 nmquam
484 3454 584 3505 vixerit.
