2412 3876
102 159 145 221 24
189 169 220 217 c.
236 167 387 218 sueram
405 159 534 227 rausa.
550 166 598 214 ne
612 167 696 214 utun
711 165 897 214 cassanum
911 166 981 213 nra.
996 166 1019 211 r.

103 325 246 384 rationem
269 322 383 384 dicendi
405 333 525 399 tenere,
548 331 578 381 et
598 285 1034 399 araorncttun·1tepcten”²ue
1056 339 1106 382 eo·

106 409 171 468 dent
192 409 230 468 ita
248 410 380 486 scripsit:
410 405 512 480 octus
539 413 699 468 aratorum
723 423 811 485 paon
838 404 910 465 baio
938 411 1109 484 antepones

105 510 227 567 earam,
258 492 311 570 qai
321 491 398 552 nibil
411 491 498 551 aliod
513 493 660 570 eperunt?
690 491 759 568 qais
773 488 932 549 sententiis
953 496 1009 550 act
1031 507 1106 550 acu·

106 577 168 638 tior
186 581 242 634 cat
260 573 423 636 crebrior?
451 576 520 654 qais
539 572 645 634 corbis
664 581 718 634 aat
740 573 884 634 ornatior
904 577 960 633 cat
982 573 1106 652 elepan-

105 661 191 720 tior?
217 658 313 718 Genus
333 659 517 738 eloquentiae
540 657 606 717 dum
628 666 707 718 taxat
724 657 896 718 adulescens
917 655 1010 718 adbuc
1027 657 1130 718 Stra-t

105 743 191 804 bonis
220 741 354 802 Caesaris
387 742 649 818 secutusuidetur,
680 742 759 802 cuius
784 743 869 801 etiam
897 758 935 800 ex
963 742 1107 818 oratione,

105 845 181 907 quae
199 825 365 886 inscribitur
379 843 439 904 pro
451 825 581 902 Sardis,
610 825 646 887 ad
669 825 789 886 verbum
808 823 944 885 nonnulla
963 824 1109 886 transtulit

76 965 79 975 .
104 914 135 970 in
154 910 358 970 divinationem
372 928 460 969 suam.
483 910 688 971 Pronuntiasse
701 917 795 970 autem
808 908 913 969 dicitur
924 921 1001 969 voce
1012 916 1106 986 acuta,

105 993 218 1055 ardenti
241 1003 319 1053 motu
340 1003 499 1074 gestuque,
521 1010 579 1054 non
600 995 663 1055 sine
683 1001 846 1054 venustate.
883 989 1036 1053 Orationes
1056 992 1106 1053 ali·

107 1077 331 1157 quaerebant,
359 1080 434 1136 inter
461 1095 531 1156 quas
559 1085 670 1137 temere
697 1076 837 1157 quaedam
866 1074 1006 1138 feruntur.
1043 1074 1106 1136 Pro
1116 1091 1143 1138 tt
1174 1139 1178 1142 .

108 1159 220 1234 Quinto
242 1159 363 1221 dletetto
383 1177 441 1219 non
463 1162 605 1220 immerito
625 1160 774 1238 Augustus
795 1161 940 1223 existimat
960 1162 1054 1238 magis
1070 1159 1107 1221 ab

105 1246 233 1304 actuaris
249 1253 402 1322 exceptam
415 1243 491 1304 male
508 1244 750 1323 subsequentibus
762 1244 854 1304 verba
872 1243 1005 1321 dicentis,
1022 1259 1108 1323 quarn

28 1363 31 1366 -
106 1328 142 1389 ab
158 1329 224 1406 ipso
240 1327 358 1396 editarm
382 1345 445 1387 nam
467 1330 496 1387 io
511 1329 678 1407 quibusdam
702 1328 917 1409 exemplaribus
930 1329 1047 1388 invenio
1070 1346 1108 1388 ne

105 1413 274 1494 inscriptam
289 1410 403 1490 quidem
415 1429 476 1489 pro
491 1410 630 1490 Metello,
657 1412 710 1472 sed
725 1430 817 1492 quant
830 1412 958 1489 scripsit
972 1410 1106 1488 Metello,

107 1495 171 1556 cum
200 1514 238 1554 ex
263 1493 554 1574 personacaesaris
583 1514 679 1556 sermo
708 1498 745 1556 sit
769 1496 918 1558 Metellum
944 1513 1035 1574 seque
1057 1494 1143 1556 adra

104 1597 210 1639 versus
241 1582 429 1639 communium
459 1580 687 1640 obtrectatorum
710 1582 924 1640 criminationes
944 1581 1105 1659 purgantis.

105 1661 202 1742 Apaol
214 1663 327 1724 milites
343 1681 458 1743 quoque
474 1665 508 1724 in
521 1663 679 1742 Hispania
693 1664 769 1725 idem
784 1664 933 1742 Augustus
950 1665 999 1723 uix
1014 1665 1107 1743 ipsius

105 1756 201 1828 putat,
225 1766 298 1826 quae
320 1757 414 1808 tamen
438 1747 547 1827 duplex
565 1749 672 1809 fertur:
701 1767 756 1809 una
780 1749 861 1828 quasi
888 1750 986 1827 priore
1009 1746 1106 1810 babita

105 1831 238 1911 proelio,
266 1831 356 1892 altera
385 1834 569 1910 posteriore,
593 1849 650 1910 quo
664 1823 794 1893 'Asinius
815 1831 911 1892 Pollio
934 1849 972 1892 ne
993 1841 1106 1912 tempus

30 1982 36 1990 ,
106 1914 221 1994 quidem
248 1913 432 1975 contionandi
453 1915 589 1975 habuisse
612 1934 676 1976 eum
706 1914 776 1976 dicit
804 1914 897 1976 subita
917 1915 1043 1976 hostium
1064 1917 1143 1976 inno

39 1987 254 2063 'socorstcnc
291 1999 420 2077 Reliquit
447 2007 476 2057 et
495 2016 590 2060 rerum
615 2017 729 2060 suarum
756 2000 979 2059 commentarios
1002 2000 1106 2061 Gallici
1199 2011 1205 2094 p

107 2081 258 2161 civilisque
280 2081 351 2142 belli
374 2082 551 2161 Pompeiani.
586 2083 659 2144 Nam
680 2083 870 2144 Alexandrini
898 2083 1050 2162 Africique
1077 2093 1107 2145 et

104 2165 303 2243 Hispaniensis
325 2169 453 2226 incertus
475 2176 577 2227 auctor
601 2176 661 2227 est:
693 2168 740 2228 alii
765 2166 890 2247 Oppium
917 2176 1034 2247 putant,
1057 2167 1106 2228 alii

68 2269 75 2280 ‘
104 2249 224 2308 Hirtium
247 2252 295 2327 qui
317 2251 402 2309 etiarn
423 2249 527 2310 Gallici
548 2249 617 2310 belli
638 2253 825 2312 novissimum
846 2252 1106 2331 imperfectumque
1138 2237 1150 2257 ’

98 2331 208 2393 librum
236 2332 426 2413 suppleverit.
466 2331 511 2392 De
536 2337 747 2396 commentariis
775 2335 910 2398 Caesaris
940 2333 1047 2396 Cicero
1075 2337 1142 2396 ines

74 2429 81 2445 ’
104 2415 210 2478 eodem
225 2415 314 2478 Bruto
334 2419 379 2477 sic
393 2417 501 2478 refert:
525 2415 769 2482 Commentarios
781 2419 910 2499 scripsit
927 2418 1021 2480 vaide
1038 2419 1104 2499 ‹ptri-

105 2501 172 2561 dem
190 2500 391 2580 probandos:
421 2501 498 2562 audi
525 2509 613 2579 atat,
642 2505 721 2564 recti
739 2512 770 2565 et
787 2503 924 2578 amasti,
950 2504 1034 2565 omni
1053 2521 1104 2564 or·
1203 2509 1204 2564 i

103 2592 180 2645 cota
200 2585 353 2646 orationis
372 2592 526 2664 tamquam
546 2595 630 2648 oeste
650 2586 813 2658 detracta·
841 2587 899 2648 sed
918 2585 989 2648 dara
1009 2587 1107 2649 voluit

105 2667 187 2726 alios
200 2667 316 2729 babae
332 2677 469 2747 parata,
497 2670 580 2731 uode
592 2679 746 2733 anneta
764 2673 817 2751 qui
836 2672 949 2734 veilent
967 2671 1107 2734 scribere

102 2750 282 2826 historiam,
315 2752 429 2831 ineptis
444 2760 569 2833 pratum
592 2755 733 2834 sortasse
759 2754 836 2833 fecit
855 2755 909 2836 poi
927 2755 983 2816 itta
1004 2756 1143 2840 colentes

103 2834 294 2895 calamistris
313 2836 454 2914 inurere,
476 2856 574 2901 sanos
594 2839 714 2918 quidem
739 2839 877 2902 tornines
898 2857 919 2899 a
936 2839 1106 2901 scribenda
1202 2889 1203 2908 ,

103 2917 260 2979 deterruit.
304 2918 350 2979 De
375 2920 468 2980 isdem
498 2925 710 2984 commentariis
738 2923 846 2985 llirtius
874 2926 913 2984 ita
940 2922 1105 3002 praedicat:

102 2999 189 3063 Adeo
201 3000 378 3086 probaretur
390 3005 522 3067 ananiam
536 3007 667 3084 iudicio,
686 3014 721 3069 ot
732 3015 914 3087 praerepta,
934 3025 997 3068 non
1009 3025 1104 3085 prae·

102 3084 167 3146 bita
190 3084 332 3163 facultas
367 3088 576 3169 scriptoribus
599 3091 752 3153 aideatcr.
795 3091 893 3154 Caius
928 3097 1030 3152 tamen
1058 3091 1107 3152 rei

100 3169 204 3231 maior
217 3175 327 3232 nostra
339 3188 430 3256 want
441 3174 630 3254 reliquorum
644 3182 691 3238 est
704 3175 888 3248 admirata,-
905 3176 1001 3236 ceteri
1014 3175 1103 3253 naim,
1114 3201 1142 3242 ss

85 3271 193 3333 'qaam
207 3253 282 3315 bene
296 3263 387 3337 atque
406 3258 578 3336 mandate,
606 3278 666 3321 nos
686 3261 793 3338 etiam,
823 3277 917 3341 paam
933 3257 1034 3336 facile
1055 3266 1104 3322 at·

101 3355 161 3416 pce
185 3338 325 3402 celeriter
356 3358 410 3401 eos
435 3343 671 3421 perscripserit,
699 3345 823 3407 scimus.
858 3344 954 3406 Pollio
985 3342 1104 3404 Asinius
1184 3354 1196 3392 t

100 3439 201 3500 parum
216 3423 373 3502 diligenter
391 3443 548 3506 parumque
573 3429 688 3507 integra
708 3430 831 3492 veritate
853 3429 1034 3508 compositos
1051 3445 1101 3508 pu-
