2444 3872
506 170 535 218 o.
559 169 743 219 consonus.
1068 163 1124 224 itt

126 323 291 384 contionem
315 323 525 402 ooniestimque
555 323 655 385 urbem
686 326 774 404 petit,
805 325 920 388 deflexa
940 329 1017 387 omni
1044 345 1125 389 auer-

125 407 214 468 bitate
236 407 265 466 in
290 415 436 484 senatum,
459 408 505 468 oui
535 405 572 470 ad
591 408 766 469 auertendos
786 417 928 470 tantorum
949 409 1125 472 dedecorum

124 507 256 552 rumores
278 491 373 570 palam
398 489 572 560 minabatur:
597 510 723 571 querens
751 493 825 552 inter
848 501 946 555 cetera
966 494 1126 556 fraudatum

124 593 159 635 se
175 576 250 636 iusto
264 574 424 654 triumpho,
445 577 587 655 cumipse
602 576 688 655 paulo
704 585 786 654 ante,
809 594 845 636 ne
868 577 935 657 quid
957 577 993 638 de
1008 576 1124 640 bonori-

101 658 179 722 sbns
211 659 271 718 suis
299 667 450 737 ageretur,
473 660 558 720 etiarn
591 658 644 721 sub
673 662 773 721 mortis
802 675 897 738 poena
918 661 1123 722 denuntiasset.

124 741 228 803 Aditus
251 759 325 820 ergo
346 744 376 803 in
390 744 494 804 itinere
519 743 656 822 elegatis
677 744 843 824 amplissimi
858 743 965 805 ordinis
985 754 1015 806 ut
1036 755 1166 816 matu-49

123 835 203 888 roret
217 820 380 906 orantibus,
400 845 484 908 quam
497 828 618 893 maxima
634 844 709 889 roae
729 826 852 889 Veniam
866 829 971 908 inquit,
992 830 1122 906 sonions,

124 915 155 970 et
180 909 231 971 ltio
256 913 390 972 meeum!
437 910 569 990 oapnlum
602 911 692 988 gladii
722 911 827 973 erebro
857 912 1031 991 verberans,
1067 931 1124 994 quo

1 1063 2 1068 ἵ
123 995 236 1054 sinatus
251 1003 322 1054 erat.
350 993 447 1056 Edixit
466 1004 495 1054 et
508 995 623 1056 reverti
634 1012 685 1071 se,
712 995 769 1056 sed
780 995 821 1056 iis
835 1002 952 1057 tontum
966 997 1019 1077 poi
1035 1004 1123 1076 opto·

1 1075 2 1108 ³
88 1084 208 1153 sorsat,
247 1079 382 1157 equestri
407 1078 511 1140 ordini
534 1085 564 1140 et
588 1079 707 1158 populo
714 1103 731 1150 ;
755 1097 828 1140 nom
848 1097 883 1140 ae
908 1097 1006 1160 nepae
1030 1081 1125 1142 einero

123 1178 222 1240 nopae
248 1161 422 1240 prinoipem
455 1163 579 1224 amotos·
613 1163 746 1241 amplios
778 1161 860 1241 fore.
910 1164 1010 1224 Vetuit
1040 1168 1124 1225 etiam

123 1261 295 1324 quemquam
313 1255 477 1307 senatorum
493 1245 548 1306 sibi
562 1264 729 1321 occurrere,
746 1255 833 1325 atque
849 1249 955 1308 omisso
973 1248 1021 1309 vel
1037 1248 1124 1309 dilato

123 1326 267 1407 triumpho
294 1346 385 1390 ovans
417 1330 517 1390 urbem
531 1329 618 1390 natali
648 1347 701 1390 suo
727 1333 878 1407 ingressus
899 1340 962 1401 est;
992 1334 1124 1410 intraque

125 1420 255 1490 quartum
268 1431 397 1474 mensem
412 1415 515 1493 periit,
536 1415 664 1490 ingentia
684 1413 814 1474 facinora
831 1432 916 1478 ausus
932 1422 961 1476 et
976 1415 1123 1494 aliquanto

72 1491 232 1556 'ssmaiora
264 1496 396 1557 moliens.
445 1496 592 1577 Siquidem
627 1507 822 1577 proposuerat
849 1497 981 1576 Antium,
1019 1499 1123 1561 deinde

121 1575 337 1641 Alexandream
351 1583 565 1660 eommigrare,
588 1581 761 1660 interempto
781 1583 861 1660 prius
884 1583 1031 1662 utriusque
1048 1582 1122 1643 ordi·

121 1665 168 1722 nis
184 1662 362 1724 electissimo
388 1682 514 1744 quoqne.
560 1663 703 1741 Quodne
729 1667 775 1725 oui
797 1664 910 1726 dubium
927 1664 1072 1743 videatur,
1095 1668 1123 1725 in

122 1749 246 1807 seeretis
272 1750 335 1809 eius
360 1751 470 1828 reperti
491 1757 556 1809 sunt
578 1749 635 1810 duo
657 1747 753 1821 tibsttt,
775 1747 891 1810 diverso
914 1749 1013 1827 titulo,
1040 1749 1122 1810 alteri

122 1824 286 1909 gladius,
311 1832 393 1893 alteri
414 1833 525 1910 pugio
547 1833 634 1912 indes
655 1841 732 1901 erat;
760 1831 844 1892 ambo
862 1835 976 1894 nomina
997 1841 1026 1893 et
1039 1842 1123 1894 notas
1186 1909 1191 1920 ³

1 1929 2 1954 ³
84 1914 309 1980 moontinebant
337 1918 422 1976 morti
453 1917 668 1978 destinatorum.
717 1915 837 1976 Inventa
868 1926 898 1978 et
925 1934 993 1978 area
1019 1918 1123 1996 ingens

122 1999 268 2060 rariorum
282 2017 459 2062 venenorum
477 2000 579 2079 plena,
607 1999 710 2079 quibus
729 2017 798 2060 mox
813 2019 829 2062 a
845 1997 965 2061 claudio
982 1999 1122 2061 demersis

121 2081 231 2143 iniectu
261 2085 349 2145 maria
379 2084 540 2160 traduntur,
576 2102 633 2145 non
664 2085 727 2144 sine
753 2085 875 2164 piscium
908 2085 1014 2163 exitio,
1049 2102 1122 2164 quos

122 2175 243 2228 eneotos
258 2175 356 2228 aestus
372 2169 401 2228 in
417 2171 549 2247 proxima
567 2168 652 2230 litora
668 2169 765 2228 eieoit.

186 2250 301 2313 Statura
315 2252 368 2312 luit
385 2253 534 2331 eminenti,
558 2252 659 2313 oolore
675 2251 839 2332 expallido‚
860 2268 984 2332 oorpore
1002 2252 1121 2327 enormi,
1131 2262 1163 2314 so

84 2333 286 2413 sagraoilitate
301 2335 423 2396 maxima
443 2338 567 2398 cervicis
582 2346 612 2396 et
633 2354 765 2413 orarum,
786 2336 879 2398 oeulis
897 2345 927 2397 et
944 2335 1122 2416 temporibus

122 2421 275 2498 concavis,
297 2418 393 2481 fronte
419 2419 477 2481 lata
503 2430 532 2482 et
554 2429 652 2498 torva,
683 2419 790 2499 oapillo
810 2436 879 2482 raro
901 2437 936 2480 ao
962 2421 1039 2480 eirea
1058 2437 1122 2477 ver-

120 2503 209 2562 tieem
219 2502 315 2580 nullo,
337 2489 461 2564 hirenius
478 2514 586 2566 cetera.
632 2505 728 2580 Quare
755 2510 921 2564 transeunte
947 2519 983 2562 eo
1008 2502 1121 2581 prospi-

122 2603 192 2646 oere
215 2605 253 2647 ex
274 2588 426 2666 superiore
448 2598 545 2668 parte,
567 2597 615 2649 aut
636 2589 750 2648 omn‘no
772 2588 951 2665 quarumque
972 2584 1009 2646 de
1036 2602 1122 2646 eausa

122 2687 239 2749 oapram
263 2673 425 2748 nominare,
450 2673 634 2732 criminosum
659 2679 689 2734 et
704 2669 820 2731 exitiale
840 2669 1008 2731 habebatur.
1052 2667 1122 2728 Vul-

84 2771 111 2814 ao
121 2761 181 2813 tum
196 2771 268 2815 vero
280 2762 381 2816 natura
400 2754 547 2817 borridum
563 2775 598 2817 ao
614 2764 718 2816 tetrum
736 2755 820 2814 etiam
842 2773 880 2814 ex
899 2752 1037 2814 industria
1052 2753 1120 2812 elie·

120 2837 219 2915 rabat,
246 2854 424 2918 componens
444 2838 480 2900 ad
506 2838 655 2920 speculum
675 2839 704 2898 in
720 2854 832 2898 omnem
851 2847 992 2898 terrorem
1013 2855 1048 2898 ao
1063 2837 1121 2896 ior-

1 2930 10 2967 ’ῐ
120 2920 266 2982 midinem.
1038 2934 1046 2949 “
1088 2972 1092 2982 ,

185 3005 326 3068 Valitudo
339 3007 368 3066 ei
385 3025 482 3086 neque
500 3007 632 3085 eorporis
651 3023 745 3086 neque
767 3005 850 3066 animi
867 3005 1003 3066 constitit.
1047 3002 1123 3063 Puer

122 3089 260 3151 comitiali
273 3089 377 3151 morbo
391 3098 530 3169 rexatus,
550 3093 578 3150 in
595 3089 790 3150 adnleseentia
810 3089 848 3149 ita
862 3091 975 3168 patiens
993 3086 1123 3148 laborum

2 3202 6 3211 ·
83 3186 111 3236 st
121 3182 201 3251 erat,-
212 3177 251 3234 'ut
268 3180 363 3236 tamen
376 3189 587 3254 nonnumquam
602 3173 694 3235 subita
709 3172 874 3234 deiectione
889 3170 1018 3251 ingredi,
1033 3179 1121 3245 stare,

121 3257 268 3336 colligere
283 3269 376 3319 semet
392 3277 427 3321 ao
442 3259 565 3320 sufferre
580 3259 630 3318 rix
650 3265 760 3337 posset.
810 3257 915 3318 Mentis
938 3253 1133 3316 valitudinem.

121 3350 152 3402 et
173 3342 238 3420 ipse
270 3353 403 3404 senserat
429 3361 464 3405 ao
494 3342 614 3404 subinde
641 3343 676 3402 de
705 3358 827 3402 secessu
854 3339 948 3419 deque
972 3335 1120 3416 purgando

121 3425 249 3487 eerebro
275 3429 424 3506 cogitarit.
469 3425 602 3490 creditur
626 3428 793 3508 potionatus
819 3443 835 3484 a
864 3421 1006 3483 Caesonia
1030 3437 1122 3480 uxore
