2444 3872
79 285 81 289 ι
135 207 177 271 84
230 219 261 269 c.
277 217 428 270 sunuoru
443 214 572 282 annno.
587 221 635 268 ors
651 220 734 269 vrrs
751 218 936 269 cessurum
952 221 1022 270 urs.
1039 221 1078 270 11.

780 373 807 436 εἰ
821 373 896 436 δέτι

301 457 363 539 ἔχοι
378 461 476 564 κοιλιῖις
490 451 523 522 τὸ
536 459 692 559 παίγνιον,
707 451 816 540 κρότον
833 454 899 520 δότε
947 507 952 514 .

301 540 409 605 κατ’
367 567 476 618 παντες
490 536 570 624 ἡμᾶς
583 534 657 624 μετὰ
671 545 763 623 χαρᾶς
777 542 981 625 προπέμψατε.

135 629 274 692 Omnibus
295 630 400 692 deinde
416 630 558 708 dimissis,
583 629 649 691 dum
663 629 853 691 advenientes
869 628 905 690 ab
921 630 993 691 urbe
1007 629 1045 692 de
1059 629 1146 692 Drusi

133 715 193 778 iilia
207 732 297 794 aegra
312 717 486 796 interrogat,
501 716 669 815 repentem
683 713 794 775 osculis
807 713 904 776 Liviae
920 715 971 774 et
962 731 992 775 m
1003 715 1058 777 bac
1070 719 1202 776 voces

133 799 258 862 deiecit:
277 795 381 878 Liuio,
393 798 629 879 nostriconicpi
638 815 753 860 memor
764 797 851 876 eice,
868 817 908 860 cc
921 798 1011 861 eale!
1027 801 1147 861 sortitus

103 951 117 966 „.
134 886 242 948 exitum
258 885 375 946 facilem
393 894 424 944 et
439 885 554 964 qualem
575 901 693 964 semper
708 892 873 983 optaverat.
906 882 980 944 Nam
994 885 1133 946 iereuo
1076 901 1146 986 Q·

74 965 102 992 ³
132 971 209 1048 tiens
237 970 365 1061 audisset
391 971 449 1030 cito
479 989 514 1030 ac
535 967 616 1030 nullo
636 969 765 1028 cruciatu
787 969 950 1030 defunctum
971 971 1145 1049 quempiam,

132 1053 190 1116 sibi
212 1061 241 1114 et
258 1044 321 1114 suis
319 1032 550 1116 εὐθανοσίνν
568 1053 690 1114 similem
707 1053 780 1134 (boc
796 1055 872 1113 enim
888 1047 918 1114 et
932 1052 1025 1114 uerbo
1042 1055 1083 1114 uti
1098 1071 1145 1116 so·

132 1137 229 1215 lebat)
252 1137 435 1218 precabatur
471 1139 566 1200 Unum
590 1138 707 1208 omnino
726 1146 793 1199 ante
814 1137 942 1200 eillatam
964 1141 1086 1201 animum
1108 1139 1145 1199 si·
1135 1155 1180 1196 -ιο

123 1240 221 1300 ‘gnum
249 1222 393 1283 alienatae
420 1223 524 1283 montis
551 1221 691 1300 ostendit,
718 1222 796 1301 quod
819 1221 914 1282 subito
935 1224 1146 1304 pauefactusa

133 1305 325 1406 quadraginta
339 1325 372 1367 se
386 1306 540 1373 iuuenibus
555 1307 650 1387 abripi
667 1316 786 1386 questus
801 1316 857 1367 est.
878 1305 911 1368 ld
923 1325 1041 1388 quoque
1052 1307 1146 1385 magis

132 1393 317 1471 praesagium
334 1409 418 1471 quam
433 1394 537 1452 mentis
553 1391 709 1452 deminutio
724 1393 777 1453 luit
783 1391 949 1470 ,siquidem
965 1392 1086 1453 totidem
1096 1393 1146 1451 mi·

91 1486 143 1540 loo
154 1475 221 1536 lites
223 1477 416 1560 praetoriani
432 1477 597 1537 extulerunt
612 1494 677 1536 eum
694 1477 723 1536 in
739 1475 896 1554 publicum
928 1475 1028 1536 Obiit
1020 1496 1049 1536 m
1066 1475 1146 1536 cubi·

134 1559 200 1620 culo
216 1551 337 1639 eodem,
356 1579 413 1641 quo
431 1569 515 1641 pater
531 1560 685 1638 Octavius,
703 1559 817 1622 duobus
833 1560 943 1639 Sextis,
959 1561 1101 1640 Pompeio
1118 1568 1181 1621 etro

86 1643 293 1746 Appuleio,
311 1663 393 1710 cons.
414 1645 507 1708 Xllll.
520 1645 585 1706 Kal.
599 1644 750 1724 Septemb
767 1645 840 1706 bora
856 1644 914 1706 diei
929 1663 1015 1723 nona,
1031 1652 1146 1726 septua-

49 1757 58 1766 -·
75 1699 95 1752 ⁸
133 1731 248 1808 gesimo
266 1740 295 1792 et
310 1740 395 1792 sexto
412 1732 516 1792 aetatis
531 1747 622 1807 anno,
639 1729 794 1790 diebusV
809 1739 839 1789 et
854 1728 947 1792 XXX.
965 1731 1068 1790 minus.

106 1874 108 1878 .
197 1813 312 1896 Corpus
341 1815 518 1877 decuriones
537 1815 759 1894 municipiomm
779 1822 808 1874 et
830 1815 1008 1875 coloniarum
1032 1833 1049 1876 a
1069 1813 1147 1874 Nola

132 1899 262 1962 Bovillas
284 1918 376 1979 usque
398 1901 605 1980 deportarunt,
631 1898 766 1960 noctibus
788 1907 913 1978 propter
934 1900 1000 1960 anni
1021 1907 1147 1979 tempus,

134 2003 198 2045 cum
214 1985 338 2045 interdiu
350 1987 380 2045 in
395 1984 517 2046 basilica
533 1987 673 2063 cuiusque
691 1981 792 2063 oppidi
807 1983 856 2044 vel
872 1984 902 2043 in
920 1982 1034 2045 aedium
1049 1995 1182 2045 sacra-²⁰

133 2086 195 2129 rum
211 2071 334 2129 maxima
351 2079 554 2148 reponeretur.
583 2069 611 2129 Α
625 2067 748 2129 Bovillis
764 2077 902 2147 equester
918 2066 990 2129 ordo
1006 2068 1147 2147 suscepit,

134 2152 256 2230 urbique
276 2152 370 2213 intulit
385 2162 471 2232 atque
488 2156 517 2214 in
534 2153 680 2214 vestibulo
697 2153 798 2214 domus
815 2151 991 2214 conlocarit.
1022 2153 1148 2214 Senatus

134 2245 163 2297 et
180 2239 209 2295 in
223 2237 326 2296 funere
342 2237 472 2298 ornando
491 2246 520 2298 et
535 2240 564 2298 in
579 2239 719 2299 memoria
733 2235 902 2298 honoranda
918 2255 955 2298 eo
971 2236 1067 2299 studio
1084 2256 1148 2298 oer-

133 2323 213 2382 tatim
234 2337 412 2400 progressus
434 2331 495 2399 est,
517 2332 547 2382 ut
566 2323 641 2382 inter
662 2321 718 2383 alia
735 2321 886 2399 complura
902 2323 1069 2383 censuerint
1087 2323 1148 2402 qoi-

134 2406 213 2484 dam,
229 2406 315 2466 funus
331 2405 496 2487 triumphali
513 2413 598 2486 porta
613 2406 788 2486 ducendum,
806 2406 1003 2486 praecedente
1015 2407 1183 2468 Victoriam

134 2510 208 2572 quae
224 2499 270 2552 est
286 2492 423 2570 incuria,
441 2492 613 2553 canentibus
626 2493 739 2552 neniam
752 2490 915 2571 principum
926 2490 1028 2553 liberis
1042 2493 1147 2553 utrius·

135 2594 193 2654 que
210 2594 315 2646 sexum
332 2577 396 2656 alii,
412 2577 598 2660 exequiarum
613 2574 660 2637 die
677 2576 830 2655 ponendos
847 2575 950 2638 anulos
967 2592 1074 2638 aureos
1090 2576 1148 2638 ier·

134 2677 263 2738 reosque
286 2661 456 2732 sumendos;
484 2661 631 2738 nonnulli,
653 2677 721 2722 ossa
744 2660 871 2739 legenda
898 2679 952 2740 per
975 2660 1149 2722 sacerdotes

135 2761 310 2808 summorum
327 2746 531 2824 collegiorum.
560 2745 626 2807 Fuit
643 2755 672 2806 et
690 2747 737 2826 qui
755 2745 900 2822 suaderet,
918 2745 1148 2826 appellationem

134 2831 243 2890 mensis
261 2829 386 2908 Augusti
401 2833 430 2890 in
444 2831 647 2909 Septembrem
665 2829 910 2906 transferendam,
927 2830 1004 2910 quod
1020 2828 1079 2890 hoe
1094 2847 1147 2909 ge·
1158 2849 1201 2906 oo¹

134 2915 211 2974 nitus
229 2911 395 2993 Augustus,
416 2914 469 2976 illo
491 2914 645 2976 defunctus
663 2925 757 2986 esset;
784 2915 872 2994 alius,
888 2923 920 2975 ut
934 2931 1018 2976 omne
1032 2923 1150 2993 tempus

136 3014 152 3056 a
175 2997 270 3074 primo
286 2997 332 3058 die
346 3000 436 3061 natali
452 2999 487 3061 ad
502 3001 611 3059 exitum
626 3001 688 3061 eius
704 3001 852 3062 saeculum
867 2999 1029 3079 Augustum
1044 2997 1149 3078 appel·

135 3080 247 3141 leretur
263 3089 292 3140 et
308 3085 346 3142 ita
363 3085 391 3142 in
405 3084 499 3145 fastos
513 3084 683 3156 referretur.
717 3087 826 3146 Verum
842 3085 971 3148 adhibito
986 3083 1150 3145 bonoribus
1206 3095 1208 3132 ῑ

135 3162 243 3242 modo,
262 3165 395 3228 bifariam
410 3167 541 3230 laudatus
558 3178 619 3230 est:
635 3187 689 3249 pro
708 3169 782 3232 aede
796 3170 863 3232 Divi
878 3169 931 3231 luli
951 3165 1103 3230 a'l'iberio
1119 3175 1151 3226 et

136 3253 312 3328 prorostris
328 3251 476 3312 veteribus
492 3253 617 3314 abruso
632 3253 732 3314 'liberi
747 3254 818 3332 lilio,
835 3275 870 3317 ac
888 3263 1053 3316 senatorum
1067 3269 1148 3312 ume-
1136 3266 1185 3308 -as

136 3335 177 3392 ris
199 3331 343 3395 delatus
334 3355 362 3396 ιι
379 3333 518 3417 Campum
540 3347 752 3439 crematusque.
781 3337 846 3400 Nee
864 3339 996 3399 defuit
968 3358 1012 3399 ιιι
1029 3345 1149 3416 praeto·

136 3417 206 3494 rius,
219 3421 267 3498 qui
284 3437 318 3480 se
333 3422 462 3500 effigiem
478 3423 597 3482 cremati
613 3424 751 3484 euntem'
743 3441 772 3482 ιιι
783 3422 895 3484 eaelum
908 3423 1017 3484 vidisse
1028 3423 1149 3484 iuraret.

137 3499 290 3582 Reliquias
318 3505 453 3584 legerunt
478 3507 622 3585 primores
648 3509 794 3586 equestris
822 3507 945 3586 ordinis,
972 3507 1091 3569 tunicati
1119 3513 1150 3566 et
