2412 3876
70 190 110 252 36
154 201 184 249 c.
203 198 354 248 sueronu
372 197 501 259 nunno.
514 197 562 244 nn
580 198 664 245 vura
681 196 868 246 onassnunr
884 197 953 244 nun.
967 197 992 245 r.

131 354 164 415 ln
191 372 301 416 summo
324 353 444 435 publico
473 353 552 414 luctu
581 362 746 415 exterarum
770 355 900 431 gentium
926 352 1078 414 multitudo

71 438 230 501 circulatim
253 457 305 500 suo
324 456 456 518 quaeque
484 455 567 499 more
590 438 746 498 lamentata
767 445 827 515 est,
858 439 1079 518 praecipueque

68 524 168 586 ludaei
176 525 254 624 ,qui
278 525 363 592 etiam
386 522 521 583 noctibus
545 523 689 583 continuis
710 483 827 582 bustunl
848 521 1078 602 frequentarunt.

27 610 158 675 sstPlebs
172 610 267 671 statim
284 612 301 669 a
316 608 419 669 funere
435 605 470 668 ad
489 606 604 668 domum
624 606 705 666 Bruti
719 615 749 666 et
766 605 861 668 Cassii
880 625 945 666 cum
964 605 1080 667 facibus

25 743 28 750 .
69 693 190 757 tetendit
204 703 292 774 atque
314 710 404 770 aegre
426 691 561 792 repulsa,
585 691 702 751 obvium
725 690 780 750 sibi
802 689 937 752 llelriuna
959 690 1103 755 Ginnams

70 797 123 859 per
149 796 281 842 errorem
300 776 434 855 nominis,
463 777 546 857 quasi
565 773 752 837 Cornelius
742 793 769 836 rs
791 785 879 854 esset,
903 794 989 857 quem
1011 793 1079 854 gra

69 865 144 924 riter
159 862 252 943 pridie
276 863 472 924 contionatum
490 861 527 922 de
547 858 675 922 Caesare
698 858 885 939 requirebat,
907 859 1016 921 occidit
1032 877 1080 921 ca·

69 958 179 1028 putque
202 949 265 1008 eius
293 947 454 1028 praedirum
476 945 576 1008 hastae
604 945 792 1016 circumtulit;
825 954 931 1025 postea
956 944 1081 1006 solidam

70 1032 233 1094 columnam
251 1049 347 1112 prope
365 1032 466 1107 viginti
487 1030 594 1110 pedum
609 1028 715 1109 lapidis
730 1028 874 1090 Numidici
890 1048 920 1090 ιιι
937 1029 1005 1091 loro
1022 1038 1079 1090 sta-

68 1118 122 1177 tuit
135 1117 326 1196 scripsitque·
356 1115 507 1175 Parenti
528 1116 690 1178 Patriae.
719 1113 806 1194 Apud
818 1131 883 1176 eam
899 1115 989 1192 longo
1007 1123 1116 1174 tem-ro

70 1218 145 1281 pore
165 1201 348 1277 sacrificare,
372 1207 440 1260 rota
458 1202 626 1297 suscipere,
645 1201 865 1261 controversias
879 1199 1045 1278 quasdam
1037 1216 1079 1258 m·
1151 1197 1161 1204 “

70 1287 216 1366 terposito
231 1303 284 1365 per
297 1281 480 1344 Gaesarem
471 1283 668 1344 iureiurando
685 1282 850 1346 distrahere
866 1285 1078 1363 perseverarit

28 1377 90 1437 86.
136 1369 340 1448 Suspicionem
361 1365 473 1428 Caesar
495 1367 668 1450 quibusdam
684 1385 803 1430 suorum
825 1368 957 1514 reliquit,
948 1385 1079 1446 ,neque

69 1455 201 1517 voluisse
226 1472 259 1514 se
285 1452 391 1514 diutius
417 1455 518 1514 vivere
526 1470 658 1533 ,neque
680 1471 801 1515 curasse
822 1469 881 1532 quo
923 1451 1080 1514 valitudine

69 1542 163 1600 minus
180 1555 325 1618 prospera
346 1545 490 1616 uteretur,
519 1538 647 1618 ideoque
663 1547 691 1598 et
707 1555 781 1617 quae
799 1538 964 1616 religiones
979 1554 1079 1598 moue·
1090 1555 1116 1598 ιι

70 1631 135 1686 rent
150 1632 180 1684 et
194 1641 269 1703 quae
285 1622 482 1684 renuntiarent
497 1625 581 1686 amici
599 1622 780 1701 neglexisse.
803 1623 876 1684 Sunt
897 1623 944 1703 qui
968 1629 1080 1702 putent,

1 1712 3 1718 ’
70 1709 210 1772 conlisum
235 1725 300 1768 eum
322 1708 482 1768 novissimo
512 1708 564 1770 illo
594 1716 713 1767 senatus
737 1707 873 1768 consulto
897 1725 933 1768 ac
953 1709 1015 1768 iure
1037 1708 1079 1766 iu·

68 1792 160 1854 raudo
181 1794 268 1854 etiam
289 1791 437 1852 custodias
455 1792 651 1872 Hispanorum
669 1809 733 1852 cum
752 1790 859 1868 gladiis
874 1790 1078 1870 adinspeotan·

69 1880 138 1938 tium
156 1895 188 1938 se
207 1877 380 1938 removisse.
408 1876 469 1938 dtu
490 1876 831 1955 ediverscopinantur,
861 1873 981 1936 insidias
999 1874 1079 1936 undi·
1204 1931 1205 1956 ι

71 1981 126 2042 que
147 1962 321 2023 imminentis
348 1960 446 2022 subire
477 1961 569 2021 semel
594 1978 681 2039 quam
706 1978 812 2022 carere
825 1959 877 1997 ***
900 1959 1114 2040 [sollicitantia
1204 2019 1205 2028 ,

69 2045 229 2107 moluisse.
260 2042 395 2118 Quidam
409 2045 514 2107 dicere
536 2045 640 2124 etiem]
662 2044 778 2105 solitum
792 2044 904 2122 ierunt,
928 2042 1081 2107 Noctem

69 2147 130 2191 sua
145 2147 239 2210 quum
253 2129 461 2208 reipublicae
473 2129 635 2206 iuteresse,
656 2129 703 2190 uti
720 2129 830 2191 sulcus
844 2135 942 2191 esset:
968 2147 1004 2188 se
1016 2127 1081 2190 ium

67 2213 190 2293 pridem
204 2214 365 2293 potentiae
376 2213 559 2295 gloriaeque
574 2212 699 2275 abunde
714 2214 859 2292 adeptam
867 2238 881 2284 ,·
896 2231 962 2274 rem
975 2211 1079 2293 publi·

70 2316 155 2375 com,
179 2298 209 2358 si
232 2297 307 2376 quid
328 2297 390 2360 sibi
414 2300 565 2376 eveniret,
596 2315 694 2377 neque
718 2298 852 2377 quietem
874 2296 948 2377 fore
968 2304 998 2358 et
1019 2297 1078 2359 ati·

27 2399 59 2454 ιι
71 2387 186 2462 quanto
201 2382 356 2445 deteriore
376 2382 552 2445 conditione
570 2383 677 2444 cicilio
692 2382 775 2444 betto
789 2381 974 2444 subiturum.
1004 2380 1079 2442 lllud
1089 2400 1114 2441 ιι

69 2468 156 2547 plane
171 2469 248 2528 inter
265 2484 366 2529 omnes
383 2463 448 2528 lere
465 2468 613 2544 constitit,
635 2467 723 2528 talem
746 2469 773 2526 ei
789 2475 913 2528 mortem
935 2485 1029 2546 paene
1042 2486 1081 2528 ex

69 2554 212 2613 sententia
232 2550 387 2629 obtigisse.
409 2551 483 2613 Nam
499 2561 528 2611 et
545 2549 706 2630 quondam,
726 2569 789 2611 cum
805 2550 881 2631 apud
897 2550 1079 2631 Xenophon·

68 2645 127 2696 tem
141 2635 267 2714 legisset
283 2634 390 2712 Cyrum
413 2637 512 2697 ultima
528 2635 687 2696 valitudine
709 2637 863 2696 mandasse
881 2634 1023 2715 quaedam
1043 2635 1080 2696 de

68 2720 171 2781 funere
193 2737 264 2796 suo,
300 2730 472 2799 aspernatus
498 2728 556 2781 tam
580 2720 689 2780 lentum
715 2721 816 2781 mortis
836 2738 931 2798 genus
957 2719 1081 2780 subitam

69 2804 124 2864 sibi
146 2803 334 2884 celeremque
356 2812 523 2884 optaverat;
543 2812 572 2864 et
593 2804 687 2884 pridie
709 2823 794 2884 quarn
821 2803 1026 2881 occideretur,
1051 2805 1114 2862 inco

39 2919 42 2926 v
68 2905 203 2950 sermone
225 2896 293 2949 nato
320 2906 409 2988 super
434 2906 554 2950 caenam
570 2888 648 2969 apud
666 2889 797 2952 llarcum
817 2887 972 2968 Lepidum,
1001 2890 1078 2969 quis·

67 2991 131 3034 narn
148 2981 228 3034 esset
252 2973 318 3032 linis
340 2973 417 3034 vitae
439 2961 707 3052 commodissimus,
735 2974 920 3053 repentinum
946 2975 1078 3053 inopina·

67 3066 184 3137 tumque
199 3057 388 3135 praetulerat.
921 3091 925 3098 ν

25 3165 61 3221 gg
132 3141 222 3202 Periit
244 3149 329 3204 sexto
355 3151 384 3202 et
393 3143 666 3223 quinquagensimo
695 3143 797 3202 aetatis
828 3159 904 3203 anno
935 3151 1021 3223 atque
1049 3143 1079 3202 in

68 3224 190 3286 deorum
210 3242 357 3286 numerum
368 3218 489 3288 relatus
512 3235 573 3303 est,
602 3243 662 3286 non
676 3243 729 3287 ore
751 3225 838 3288 modo
860 3225 1112 3289 decernentiumss

68 3309 122 3371 sed
137 3319 166 3370 et
178 3312 370 3390 persuasione
388 3311 481 3389 volgi.
506 3272 655 3390 Siqclidem
677 3310 762 3389 ludis,
778 3329 854 3412 quos
874 3314 986 3391 primos
1007 3329 1076 3374 eou

67 3403 184 3454 secrato
203 3396 231 3454 ei
249 3393 337 3457 heres
352 3394 503 3474 augustus
525 3394 648 3473 edebat,
675 3396 761 3457 stella
777 3396 878 3457 crinita
893 3415 948 3476 per
962 3405 1077 3474 septem

69 3479 224 3539 continuos
237 3477 299 3541 dies
312 3481 404 3560 fulsit,
417 3482 557 3542 exoriens
571 3482 651 3541 circa
664 3479 845 3541 undecimam
856 3480 970 3560 horam,
983 3481 1077 3542 credi-
