2412 3876
3 259 4 270 ἶ
492 193 598 244 orvus
620 197 748 245 5555555.
936 213 938 220 <
1089 184 1131 246 33

3 300 40 410 l&
63 311 79 366 ς’
119 353 227 429 Quinto
244 353 370 414 Maximo
393 349 518 410 sullecto
539 352 755 432 trimenstrique
784 351 906 413 consule
923 351 1066 412 theatrum
1088 352 1130 412 in·

119 445 273 514 troeunte,
297 453 362 496 cum
373 434 460 495 lictor
478 434 666 496 animadverti
682 455 720 497 ex
737 454 819 497 more
841 438 991 514 iussisset,
1015 435 1051 495 ab
1070 437 1130 495 uni·

120 522 215 582 versis
235 521 445 582 conclamatum
466 527 528 596 εει,
552 537 610 579 555
629 538 697 581 esse
718 540 783 582 eurn
803 520 962 581 consulem
996 518 1067 581 Post
1084 538 1129 580 re·

119 615 217 668 motos
238 604 403 666 Caesetium
426 611 455 663 et
476 603 628 664 Marullum
652 605 784 665 tribunos
806 614 923 685 reperta
942 614 1008 665 sunt
1030 607 1129 685 proxi·

96 695 173 752 omis
193 692 317 752 comitiis
336 686 486 766 complura
508 687 646 764 suliragia
670 690 808 751 consules
835 707 888 749 eos
912 688 1128 750 declarantium

3 845 5 866 Ι
119 775 332 878 Subscripsera
354 772 467 853 quidam
493 771 563 830 Luci
588 772 668 833 Bruti
692 782 821 835 statuae:
849 771 973 834 Uliucm
990 774 1128 834 uiueres!

3 894 8 932 ,·
119 863 190 923 item
207 862 297 939 ipsius
312 856 462 918 Caesaris:
1128 859 1139 876 ⁰

3 933 8 949 ⁴
204 951 329 1018 Brutus,
348 949 417 1018 quio
429 959 509 1016 repes
525 949 617 1018 eiecit,
638 949 737 1003 consul
745 950 855 1020 primus
869 947 1034 1020 factumest:

3 1045 5 1108 l
205 1035 276 1104 Hic,
298 1033 363 1104 quio
381 1031 508 1086 consules
525 1031 616 1100 eiecit,
638 1047 692 1087 555
702 1038 844 1103 postremo
860 1032 1016 1104 fuctuseat.

3 1111 4 1150 ³
86 1113 329 1193 ¹⁰Conspiratunr
347 1120 392 1170 εει
415 1111 442 1168 in
463 1127 526 1168 cunr
550 1129 565 1170 a
588 1112 738 1188 sexaginta
764 1112 902 1192 amplius,
926 1112 997 1172 Gaio
1025 1109 1128 1172 Cassio

120 1199 281 1299 Marcoque
294 1205 324 1256 ει
344 1194 466 1255 Decimo
485 1193 573 1254 Bruto
593 1195 772 1275 principibus
798 1197 1033 1276 conspirationis.
1072 1195 1128 1271 Qui

122 1285 242 1364 primunr
265 1282 408 1357 cunctati,
432 1287 561 1338 utrumne
584 1279 613 1337 in
636 1276 745 1360 Campo
765 1300 821 1360 per
844 1283 960 1342 comitia
984 1280 1075 1340 tribus
1093 1279 1128 1340 ad

121 1368 260 1445 suilragia
280 1372 435 1426 vocantem
456 1363 587 1442 partibus
610 1363 710 1424 divisis
728 1384 744 1425 e
762 1374 853 1464 ponte
874 1365 1024 1426 deicerent
1042 1374 1129 1444 atque

120 1461 278 1532 exceptum
304 1447 499 1534 trucidarent,
522 1466 557 1507 an
581 1449 609 1506 in
635 1450 726 1511 Sacra
747 1449 886 1510 viavel'
878 1469 907 1510 rn
930 1451 1006 1511 aditu
1025 1451 1129 1510 theatri

85 1557 110 1597 55
119 1537 317 1598 adorirentur:
343 1542 496 1613 postquam
516 1541 634 1592 senatus
654 1533 751 1594 ldibus
769 1535 904 1594 Martiis
895 1554 924 1594 55
941 1535 1061 1615 Pompei
1080 1553 1127 1594 cu·

119 1624 192 1682 riam
204 1620 317 1680 edictus
330 1626 391 1695 est,
414 1615 502 1676 iacile
522 1626 633 1696 tempus
645 1628 675 1678 et
691 1619 789 1679 locum
800 1619 1010 1696 praetulerunt.

184 1705 243 1766 Sed
263 1703 382 1765 Caesari
404 1701 498 1761 lutura
522 1701 629 1762 caedes
647 1702 827 1764 evidentibus
853 1703 995 1782 prodigiis
1017 1702 1168 1764 denuo-81

120 1792 190 1852 tiata
212 1798 267 1850 εει.
301 1787 415 1848 Ρ55555
445 1793 511 1846 ante
533 1803 666 1865 menses,
693 1789 798 1848 cornio
821 1787 938 1850 colonia
960 1786 1058 1868 Capua
1078 1788 1126 1848 de·

120 1875 200 1934 ducti
232 1875 302 1952 lege
333 1870 404 1932 lulia
428 1869 526 1931 coloni
551 1869 587 1930 ad
615 1873 790 1934 extruendas
819 1873 904 1932 villas
933 1875 1128 1932 vetustissima

85 1958 279 2040 acsepulclnra
304 1957 479 2016 dissicerent
488 1954 602 2034 ,idque
622 1975 659 2016 eo
689 1957 844 2017 studiosius
869 1958 1018 2035 lacerent,
1050 1956 1128 2058 quod

3 2099 4 2104 ,
120 2043 296 2124 aliquantum
321 2039 506 2101 5555515555
536 2043 635 2118 operis
662 2044 770 2142 antiqui
801 2050 964 2103 scrutantes
997 2043 1127 2122 reperie-

2 2150 24 2257 q
120 2129 206 2205 bant,
229 2126 326 2187 tabula
348 2141 439 2186 aenea
460 2123 489 2183 in
508 2126 700 2204 monimento,
731 2130 836 2206 inquo
860 2126 1128 2208 dicebaturilapys

121 2212 258 2274 conditor
285 2208 402 2290 Capuae
426 2210 573 2288 sepultus,
606 2211 722 2272 inventa
742 2221 802 2290 est,
831 2213 999 2292 conscripta
1022 2212 1127 2273 litteris

119 2297 280 2375 verbisque
302 2293 423 2355 Graecis
440 2291 495 2353 hac
517 2298 675 2362 sententia
704 2295 898 2376 Quandoque
918 2315 994 2358 osso
1010 2295 1148 2377 Capyis?

84 2382 243 2443 audatecia
259 2383 374 2454 esseut,
396 2377 470 2457 fore
489 2386 522 2439 ut
542 2376 610 2440 iulo
627 2392 804 2462 propatulus
823 2399 918 2442 mauu
940 2380 1142 2479 contactuque-pf

119 2485 248 2528 55555555
263 2469 428 2526 occuratur
440 2462 620 2563 mopuiaquc
641 2484 715 2526 mom
734 2465 850 2527 Italiac
870 2464 1014 2527 cladibus
1026 2449 1139 2526 vindi-¹

120 2557 256 2613 caretur.
296 2545 384 2609 Gaius
411 2548 469 2622 rei,
499 2566 535 2606 ne
558 2549 672 2626 quisa
644 2550 806 2625 fabulosam
828 2559 876 2611 ant
899 2552 1127 2612 commenticiam

120 2645 221 2716 putet,
249 2641 414 2696 auctorest
433 2630 588 2693 Cornelius
614 2633 738 2713 Balbus,
761 2635 997 2696 familiarissimus
1021 2633 1126 2696 Caesa·
1186 2673 1189 2679 ·

3 2789 5 2800 ,
109 2723 171 2781 ris.
203 2718 348 2780 Proximis
374 2715 476 2776 diebus
499 2734 639 2796 equorum
666 2737 793 2800 greges,
821 2737 895 2800 quos
917 2721 945 2780 in
965 2719 1126 2782 traiciendo

86 2805 273 2866 ³⁰llubicone
299 2802 415 2862 flumine
449 2811 637 2862 consecrarat
671 2821 706 2864 ac
728 2823 823 2882 vagos
855 2814 884 2864 ει
912 2807 976 2864 sina
1005 2803 1127 2865 custode

3 2869 8 2964 Ι
120 2891 284 2964 dimiserat,
306 2886 449 2964 comperit
471 2888 703 2965 pertinacissime
733 2889 841 2968 pabulo
868 2889 1015 2950 abstinere
1041 2889 1126 2948 uber·

119 2977 228 3052 timqua
255 2972 336 3032 llere.
380 2969 418 3030 Ει
441 2969 635 3030 immolantem
662 2971 817 3052 haruspex
838 2973 981 3052 Spurinna
1006 2976 1147 3049 monuit,

96 3063 247 3120 caueret
272 3053 461 3136 periculum,
489 3055 574 3134 quod
596 3075 657 3118 uon
681 3057 765 3118 ultro
788 3057 926 3120 Martias
951 3056 1028 3120 idua
1041 3076 1125 3137 pro·
1140 3052 1148 3122 l

117 3143 266 3224 fumetur.
300 3137 396 3200 Pridie
415 3148 509 3200 autern
528 3141 644 3202 easdem
666 3141 733 3201 ldus
754 3161 837 3205 avem
854 3143 1043 3221 regaliolum,
1064 3123 1146 3204 cunr*

21 3297 25 3306 ,
85 3229 221 3290 55155555
248 3225 359 3287 555515
381 3224 577 3304 Pompeianae
601 3227 698 3287 curiae
722 3245 755 3286 se
777 3229 965 3304 inferentem,
988 3226 1126 3287 volucres

62 3329 66 3338 ·
119 3313 192 3374 varii
216 3311 335 3389 generis
361 3327 399 3369 ex
429 3311 563 3389 proximo
592 3329 712 3372 nemore
739 3321 914 3390 persecutae
938 3311 1043 3372 ibidem
1070 3311 1126 3372 dis-

120 3403 303 3478 cerpserunt.
325 3391 369 3455 Ea
384 3413 458 3456 vero
480 3401 582 3472 nocte,
606 3399 652 3456 cui
670 3395 774 3457 inluxit
794 3395 856 3456 dies
877 3396 990 3474 caedis,
1015 3399 1126 3475 etipse

119 3481 176 3542 sibi
198 3481 279 3541 visus
299 3485 344 3539 est
377 3497 431 3558 per
454 3480 578 3558 quietem
603 3480 744 3541 interdurn
766 3497 853 3560 supra
875 3481 968 3539 nubes
992 3480 1127 3557 volitare,

132 3607 135 3614 ·
170 3585 329 3628 5555555555.
900 3565 918 3624 3

2 1817 10 1893 i
