2444 3872
117 235 177 296 134
222 247 251 294 o.
268 245 417 294 sunuorn
432 245 559 305 annno.
575 245 622 292 nn
636 245 719 294 vmn
733 245 916 294 censerunt
927 245 996 295 ms.
1010 245 1076 292 1111.

114 403 181 464 dem
199 403 341 462 factorum
365 402 565 482 dictorumque
586 401 707 461 saevitia
730 400 838 462 aderat.
883 402 979 481 Saepe
1001 402 1030 460 in
1052 419 1122 462 con·

115 496 218 567 spectu
248 487 415 565 prandentis
441 487 489 548 vel
517 487 697 546 comissantis
730 486 826 546 seriae
853 487 1039 564 quaestiones
1066 503 1123 564 per

115 580 257 633 tormenta
271 569 466 650 habebantur,
486 571 569 630 miles
586 568 750 631 decollandi
767 568 873 630 artifex
894 569 1123 649 quibuscumque

116 675 133 716 e
157 655 286 716 custodia
309 657 405 734 capita
431 653 605 735 amputabat.
649 653 777 714 Puteolis
801 653 983 714 dedicatione
1010 654 1122 733 pontis,

116 759 201 819 quem
216 741 412 817 excogitatum
428 739 463 800 ab
480 757 516 799 eo
533 739 773 816 significavimus,
802 755 866 798 cum
880 737 987 798 multos
1003 736 1146 798 olitores

115 827 268 884 invitasset
301 822 335 884 ad
366 842 467 901 sc,r
508 831 575 883 eteu
605 823 697 883 omnis
725 823 945 922 praecipitavit,
982 820 1125 902 quosdam
1213 861 1214 912 ,

115 908 314 986 gubernacula
348 907 555 988 apprehenen
520 899 603 967 mdes
634 908 727 967 contis
761 909 907 986 remisque
939 905 1062 967 detrusit
1093 907 1125 964 iu

114 1011 204 1054 mare
246 993 357 1054 Romae
386 990 503 1071 publico
531 991 619 1070 epulo
648 1009 765 1052 servum
792 990 830 1051 ob
853 989 1011 1052 detractam
1036 989 1124 1049 lectis

115 1085 283 1154 argenteam
305 1076 437 1136 laminam
459 1077 588 1137 carnilici
611 1075 765 1136 confestim
789 1074 918 1152 tradidit,
940 1083 971 1134 ut
991 1073 1124 1134 manibus

115 1161 237 1220 abscisis
256 1169 342 1239 atque
361 1169 427 1220 ante
443 1169 546 1238 pectus
561 1178 578 1219 e
595 1159 673 1220 collo
692 1159 902 1240 pendentibus,
924 1157 1122 1238 praecedente
1133 1163 1157 1206 ¹⁰

115 1242 197 1303 titulo
221 1244 269 1320 qui
291 1260 406 1304 causam
428 1261 540 1321 poenae
559 1243 715 1321 indicaret,
743 1261 796 1323 per
820 1251 921 1304 coetus
945 1242 1123 1323 epulantium

116 1325 387 1387 circumduceretur.
425 1328 635 1388 Murmillouem
656 1328 777 1404 eludo,
804 1326 921 1388 rudibus
942 1345 1040 1388 secum
1060 1326 1121 1387 bat·

115 1418 241 1471 tuentem
257 1420 286 1470 et
303 1420 408 1490 sponte
425 1421 615 1492 prostratum,
649 1412 778 1472 confodit
794 1412 892 1473 ferrea
910 1413 972 1472 sica
990 1429 1024 1471 ae
1039 1427 1122 1471 more

115 1497 255 1576 victorum
271 1513 334 1555 eum
351 1496 446 1574 palma
467 1495 647 1558 discucurrit.
692 1488 815 1558 Admota
836 1496 975 1558 altaribus
995 1497 1122 1570 victima,

8 1621 9 1624 κ
114 1571 279 1640 succinctus
291 1576 433 1681 poparum
445 1580 543 1641 habitu
557 1581 634 1642 clato
647 1580 704 1642 alte
717 1581 822 1642 malleo
836 1581 1001 1641 cultrarium
1013 1588 1121 1641 macta·
1134 1591 1157 1630 1⁵

113 1666 162 1724 vit.
196 1663 329 1725 Lautiore
345 1667 479 1726 convivio
502 1665 609 1726 eliusus
626 1666 750 1725 suhito'
742 1683 769 1725 m
792 1664 965 1742 cachinnos,
995 1661 1122 1724 consuli·

113 1749 182 1825 bus,
215 1751 263 1826 qui
278 1750 357 1810 iuxta
380 1748 538 1827 cubabant,
568 1748 702 1827 quidnam
716 1749 825 1810 rideret
847 1749 952 1810 blande
977 1765 1122 1826 quaeren-

69 1831 188 1892 tibus
208 1829 304 1909 Quid,
328 1836 433 1913 inquit,
458 1833 521 1895 nisi
536 1852 597 1894 uno
620 1852 686 1896 meo
706 1841 782 1895 natu
799 1833 940 1913 iugulari
960 1840 1125 1911 utramque

70 1924 245 1980 moechum
265 1916 369 1978 statim
387 1921 505 1996 posse?
535 1917 614 1978 Inter
635 1921 733 1980 varios
759 1919 859 1993 iocos,
892 1935 956 1977 sum
980 1917 1123 1978 assistens

112 2000 266 2061 simulacro
295 2000 375 2061 lovis
400 2001 528 2081 Apellen
557 2002 727 2080 tragoedum
761 2002 955 2063 consuluisset
986 2011 1052 2060 uter
1080 1999 1160 2060 illisa

111 2085 202 2143 maior
225 2082 389 2162 rideretur,
423 2095 603 2148 cunctantem
626 2087 752 2187 llamgellis
781 2085 910 2162 discidit,
943 2083 1123 2146 conlaudans

112 2165 233 2244 subinde
254 2183 359 2228 vocem
376 2168 563 2248 deprecantis
585 2174 667 2251 quasi
692 2172 777 2230 etiarn
801 2173 830 2229 iu
854 2171 964 2248 gemitu
985 2167 1122 2249 praedul-

113 2268 185 2310 cem
169 2229 372 2325 iQuotiens
393 2255 492 2313 uxoris
513 2252 561 2312 vel
588 2254 726 2315 amiculae
754 2253 860 2314 collum
887 2253 1122 2332 exsufflaretur,
1212 2253 1214 2302 ἕ

112 2333 249 2396 addebat:
286 2333 360 2394 Tem
389 2335 473 2398 bona
504 2338 611 2398 cereis
640 2338 732 2399 simul
761 2355 801 2398 ae
827 2339 950 2398 iussero
971 2336 1121 2419 demptus·

112 2419 186 2494 Quin
201 2428 231 2479 ct
252 2418 373 2495 sudee
394 2419 536 2499 iactabat,
567 2422 791 2501 exquisiturum
806 2441 841 2482 se
860 2423 910 2483 ael
925 2398 1064 2499 fidiculis
1083 2418 1159 2479 de²⁵
1212 2449 1214 2486 t

112 2501 269 2566 Caesonia
284 2513 360 2582 sua,
391 2525 449 2566 car
464 2523 531 2566 eam
547 2513 632 2568 tanto
650 2525 744 2585 opere
759 2506 911 2586 diligeret.
1213 2501 1214 2512 ’

66 2596 104 2652 34
172 2587 235 2648 Nec
251 2591 362 2651 minore
377 2589 473 2650 livore
490 2609 523 2651 ac
539 2590 717 2667 malignitate
734 2609 818 2670 quam
835 2590 972 2670 superbia
986 2590 1122 2661 saevitia·
1210 2559 1214 2718 p

111 2690 167 2750 quc
189 2690 283 2750 paene
307 2673 447 2735 adversus
470 2677 561 2736 omnis
587 2677 652 2734 aevi
679 2675 823 2735 hominum
849 2692 953 2752 genus
970 2681 1123 2751 grassatus
1212 2725 1214 2756 3

111 2765 165 2815 est.
211 2757 469 2819 Statuas'hircrum
487 2759 665 2838 inlustrium,
696 2758 731 2820 ab
747 2759 881 2836 Augusto
899 2777 938 2819 ex
954 2755 1123 2836 Capitolina
1212 2783 1214 2800 ι

111 2856 179 2899 area
204 2849 326 2918 propter
354 2847 502 2919 angustias
528 2846 556 2904 in
584 2862 716 2921 campum
740 2843 871 2904 hiantium
900 2842 1047 2914 conlatas,
1081 2839 1161 2898 itata
1213 2879 1214 2884 η

110 2921 252 2982 subvertit
267 2933 353 3004 atque
370 2924 483 2989 disiecit
503 2938 533 2987 ut
549 2928 660 2989 restitui
676 2927 766 2988 salvis
780 2927 869 2987 titulis
887 2944 945 2986 non
963 2925 1123 3005 potuerint,

110 3006 258 3084 vetuitque
286 3008 411 3108 posthae
436 3013 592 3072 viventium
621 3014 753 3091 cuiquam
781 3027 921 3091 usquam
925 3018 1048 3070 statuam
1075 3015 1126 3066 aut

109 3091 263 3166 imaginem
279 3095 333 3152 nisi
349 3095 482 3155 consulto
506 3106 536 3156 et
551 3105 673 3157 auctore
690 3115 723 3156 se
744 3096 823 3175 poni.
869 3081 1017 3172 Cogitavit
1035 3093 1125 3151 etiam

110 3174 146 3234 dc
162 3174 280 3236 Homeri
297 3178 469 3239 carminibus
486 3179 654 3256 abolendis,
687 3179 836 3241 aaronita
848 3177 911 3238 stoc·
932 3195 995 3240 non
1014 3176 1123 3252 tacere,

109 3259 226 3337 dicens,
254 3261 339 3340 qaod
357 3260 483 3325 Plutoni
502 3264 658 3339 licuisset,
685 3264 739 3342 qui
759 3281 827 3324 eam
850 3279 866 3322 e
884 3260 1010 3322 caumate
1028 3270 1164 3340 quanm

109 3344 317 3408 constituebat
330 3347 475 3408 eiecerit?
495 3347 554 3408 Sed
571 3357 599 3408 et
615 3347 730 3424 Virgilii
747 3365 782 3406 ac
798 3345 854 3406 Titi
873 3344 936 3405 hivi
957 3345 1068 3422 scripta
1092 3351 1125 3402 et

110 3428 250 3505 imagines
277 3431 392 3510 paulum
417 3431 487 3490 aluit
513 3433 580 3510 quin
606 3450 645 3491 ex
671 3431 802 3492 omnibus
827 3427 1012 3488 bibliothecis
1042 3443 1125 3488 amo-

110 3520 208 3587 veret,
238 3533 358 3592 quorum
376 3515 497 3575 alterum
511 3523 542 3574 ut
557 3514 661 3575 nullius
677 3515 786 3592 ingenii
802 3515 995 3592 minimaeque
1012 3511 1126 3574 doctri-

99 3621 211 3718 xf†flt⁸.,
230 3617 288 3666 ³¹¹¹st
312 3646 375 3679 bix«.

509 3783 526 3814 6⁴-
