2438 3872
432 224 535 274 uivus
553 224 799 274 vusrssmuos
1051 214 1109 276 231

112 382 152 442 ita
168 381 370 460 pronuntiavit,
385 398 447 442 uuo
462 386 606 459 oportere
619 379 766 442 maledici
779 379 996 459 aenatoribus,
1012 401 1111 443 retro-

112 465 207 527 lediei
222 463 313 526 ciuile
325 464 440 545 [osque
456 481 534 525 esee.

176 549 277 608 Litium
306 550 400 610 series
424 548 531 627 ubique
555 549 694 610 maiorem
720 550 749 608 in
772 549 887 610 modum
909 561 1156 629 excreverant,lo

1 669 2 682 ι
112 634 292 694 manentibus
313 635 437 714 antiquis
453 632 672 712 intercapedine
689 635 758 693 iuris
780 633 930 711 dictionis,
949 634 1110 695 accedenti·

1 722 6 801 j
87 717 168 778 thus
182 718 265 778 novis
280 733 319 778 ex
334 717 507 778 condicione
523 717 701 798 tumultuque
717 727 894 797 temporum
919 728 997 779 sorte
1021 720 1111 797 elegit

113 819 168 882 per
186 818 260 879 quos
275 811 357 880 rapta
372 801 451 862 hello
472 801 708 880 restituerentur,
733 804 839 884 quique
860 801 963 864 iudicia
985 812 1110 863 centum·

1 899 2 924 ι
112 885 225 961 vinalia,
243 885 345 963 quibus
361 885 538 965 peragendis
552 887 603 945 rix
618 887 774 948 suffectura
792 885 970 965 litigatorum
994 886 1109 948 rideba-

112 979 159 1031 tur
174 978 270 1045 aetas,
286 979 367 1032 extra
384 970 514 1031 ordinem
530 968 719 1031 diiudicarent
738 970 966 1054 redigerentque
987 970 1023 1033 ad
1044 971 1110 1032 bre·

112 1055 262 1114 vissimum
278 1072 433 1116 numerum

74 1149 104 1194 au
176 1138 278 1198 Libido
294 1148 380 1216 atque
397 1139 509 1200 luxuria
530 1147 690 1200 coercente
711 1138 790 1199 nullo
812 1139 988 1209 invaluerat;
1009 1148 1111 1200 auctor
1121 1153 1152 1206 11

1 1237 2 1242 ’
112 1223 225 1284 senatui
246 1221 300 1282 luit
322 1221 515 1300 decernendi,
537 1231 569 1282 ut
591 1240 665 1303 quae
688 1241 720 1282 se
742 1221 837 1284 alieno
858 1241 946 1284 servo
962 1223 1110 1301 iunxisset,

113 1306 218 1368 ancilla
239 1305 410 1376 haberetur;
433 1324 508 1366 neve
530 1307 654 1366 liliorum
683 1305 852 1368 familiarum
877 1307 1110 1369 foeneratoribus

113 1389 251 1468 exigendi
267 1389 391 1451 crediti
383 1410 427 1452 uus
445 1409 576 1470 umquam
592 1399 686 1469 esset,
707 1392 764 1452 hoc
787 1400 832 1451 est
854 1409 890 1451 ne
912 1401 979 1470 post
999 1401 1110 1471 patrum

113 1475 229 1555 quidem
243 1484 375 1536 mortem.

74 1574 103 1616 us
173 1557 315 1620 Ceteris
306 1577 335 1619 m
346 1558 435 1620 rebus
451 1562 545 1620 statim
558 1559 594 1620 ab
609 1560 690 1619 initio
703 1561 882 1658 principatus
895 1576 987 1637 usque
1002 1559 1038 1620 ad
1051 1562 1109 1620 eui·

113 1653 172 1704 tuns
188 1643 280 1704 civilis
296 1653 325 1704 et
341 1643 479 1720 clemens,
495 1643 724 1705 mediocritatem
740 1643 887 1727 pristinam
909 1661 1004 1725 neque
1028 1643 1154 1704 dissi-12

112 1727 231 1788 mulavit
246 1746 378 1808 umquam
393 1745 427 1788 ao
443 1727 613 1807 frequenter
633 1730 722 1788 etiam
744 1745 816 1806 prae
837 1745 870 1787 se
890 1727 963 1787 tulit.
988 1729 1063 1803 Quin
1082 1736 1111 1787 et

114 1814 246 1872 conantis
263 1812 403 1890 quosdam
416 1813 559 1890 originem
570 1811 663 1872 Flavii
677 1812 796 1889 generis
808 1810 843 1872 ad
855 1811 1024 1872 conditores
1035 1812 1110 1873 Rea·

113 1899 191 1956 linos
208 1897 399 1975 comitemque
414 1895 566 1974 Herculis,
587 1898 667 1956 cuius
682 1896 884 1955 monimentum
904 1904 983 1956 extat
999 1895 1111 1956 Salaria

70 1981 178 2058 auria,
201 1981 315 2042 reterre
335 1981 423 2040 irrisit
438 1980 525 2042 ultro.
562 1979 706 2058 Adeoque
723 1979 791 2039 nilnil
807 1989 1039 2041 ornamentorum
1061 1998 1110 2040 ex·

113 2066 257 2124 trinsecus
274 2064 377 2143 cupide
393 2065 543 2144 appetivit,
559 2074 590 2124 ut
605 2063 739 2143 triumphi
756 2064 802 2123 die
823 2064 959 2142 fatigatus
978 2063 1111 2124 tarditate

113 2157 144 2208 et
160 2147 256 2209 taedio
272 2166 400 2228 pompae
413 2165 470 2208 non
486 2149 651 2225 reticuerit,
672 2149 781 2209 merito
801 2165 836 2210 se
853 2147 964 2226 plecti,
989 2148 1042 2228 qut
1055 2148 1110 2209 tri·

112 2231 267 2311 sumptuum,
284 2233 377 2311 quari
389 2238 444 2292 out
455 2232 589 2294 deditum
602 2230 775 2294 maioribus
793 2232 860 2292 auis
881 2238 936 2292 out
952 2239 1112 2310 speratum

111 2334 257 2395 umquam
271 2315 343 2392 etot,
359 2324 423 2377 tom
439 2317 541 2396 inepte
554 2335 650 2378 soraee
667 2315 871 2394 concupisset.
916 2314 961 2376 Ac
975 2334 1011 2375 ne
1023 2316 1110 2375 tribu-

72 2421 104 2466 as
114 2401 219 2461 niciam
233 2400 348 2480 quidem
365 2402 569 2479 potestatem*
585 2402 674 2480 patris
695 2403 803 2480 patriae
819 2399 1045 2478 appeliationem
1057 2399 1111 2458 nisi

114 2502 184 2546 sero
199 2485 323 2564 recepit.
359 2485 429 2546 Nam
453 2486 690 2546 consuetudinem
711 2483 858 2545 scrutandi
880 2481 1038 2544 salutantes
1052 2501 1110 2543 ma·

113 2578 201 2630 neate
217 2568 405 2630 adhucbello
421 2569 497 2630 civili
516 2572 663 2630 omiserat.
758 2582 763 2590 ’
1186 2619 1189 2626 ,

176 2654 344 2714 Amicorum
365 2651 541 2730 libertatem,
564 2652 775 2714 causidicorum
792 2652 901 2728 figuras
924 2667 959 2710 ac
984 2649 1110 2730 philoso·
1120 2661 1154 2714 13
1187 2703 1189 2708 ,

65 2763 67 2766 ·
113 2737 236 2817 phorum
261 2739 467 2798 contumaciam
489 2736 637 2798 lenissime
670 2735 743 2796 tulit.
786 2735 922 2795 Licinium
949 2733 1111 2796 Mucianum

1 2813 3 2834 ³
74 2832 103 2875 80
115 2831 204 2882 notae
222 2820 427 2900 impudicitiae,
445 2821 498 2882 sed
512 2823 679 2882 meritorum
696 2820 799 2882 fiducia
814 2820 905 2880 minus
917 2822 960 2877 sui
973 2837 1110 2880 reveren·

1 3548 10 3578 l

2 3596 3 3617 ι

114 2915 188 2980 tem,
205 2924 356 2986 numquam
373 2907 427 2966 nisi
450 2905 523 2966 clam
545 2904 735 2978 erhaotenus
755 2914 890 2965 retaxare
913 2905 1058 2981 sustinuit,
1082 2911 1111 2962 ut

114 2989 191 3068 apud
209 3008 387 3050 communem
407 2989 531 3069 aliquem
553 2990 674 3050 amioum
696 3006 823 3066 querens
853 2987 973 3048 adderet
999 2987 1111 3048 clausu·

114 3075 187 3136 lem:
213 3071 282 3154 Epo
298 3081 399 3137 tomen
410 3074 460 3134 or‘r
471 3092 548 3134 sunt.
582 3073 709 3134 Salvium
720 3072 882 3132 Liberalem
898 3073 927 3131 in
940 3072 1111 3133 defensione

115 3157 211 3218 divitis
226 3159 269 3218 rei
284 3177 383 3219 ausum
396 3158 512 3219 dicere:
528 3157 603 3238 quid
615 3157 660 3218 ud
670 3155 851 3233 Caesarem,
867 3154 1112 3236 sillipporottos

77 3243 289 3302 terestertium
304 3243 404 3303 milies
422 3240 536 3303 tutet?
556 3251 585 3301 et
607 3243 671 3322 ipse
692 3241 828 3301 laudavit.
856 3239 1032 3302 Demetrium
1056 3238 1111 3314 Cy·

114 3327 210 3386 uicum
233 3327 261 3386 iu
281 3328 384 3388 itinere
405 3326 520 3386 obvium
546 3326 603 3386 silui
623 3334 691 3404 post
716 3325 944 3400 damnationem,
967 3342 1001 3384 ac
1017 3339 1112 3402 neque

115 3413 272 3485 assurgere
293 3428 388 3489 neque
409 3409 536 3471 salutare
557 3428 590 3470 se
610 3409 790 3488 dignantem,
813 3406 1003 3470 oblatrantem
1027 3409 1115 3467 etiam

114 3494 216 3556 nescio
236 3493 314 3572 quid,
334 3496 405 3556 satis
422 3493 520 3554 habuit
535 3512 660 3556 canem
675 3492 837 3573 appellare.
1086 3507 1090 3516 ·
