2416 3876
204 207 481 258 ouacnnmonou
502 208 682 258 umnoaou
702 209 901 269 andronius.
995 195 1056 258 315

119 363 281 442 innocens,
301 365 447 443 innoxius]
472 366 613 425 innocens
633 373 679 425 est
699 365 805 424 nemiui
826 380 953 442 nocens,
975 357 1068 423 inno*

33 450 122 510 xius
137 449 224 529 culpe
239 447 392 510 cuiuslibet
407 450 531 510 criminis
545 465 664 510 vacuus.

121 532 255 593 inducias
281 532 386 593 foedus
413 541 443 592 et
462 550 565 611 pacem
589 532 647 593 heo
667 533 803 609 interest,
825 530 904 610 quod
924 529 1058 591 induciae

36 634 178 677 numero
187 617 296 677 dierum
311 616 452 693 finiuntur,
464 616 542 694 quod
556 626 584 676 et
598 625 777 696 sequestram
792 631 895 695 pacem
910 613 1059 694 appellant

4 711 22 754 t
37 709 98 762 ut:
114 716 198 780 pace
213 706 376 780 septimine
388 698 446 761 Bis
458 717 551 762 cenae
561 700 709 779 pepigere
726 699 814 770 dicu
829 698 934 761 foedus
948 701 977 758 in
991 715 1057 777 per·

38 787 176 864 pecuum
190 793 240 845 aot
253 787 282 846 in
298 801 435 845 annorum
451 793 560 845 certum
577 801 723 844 numeram
737 784 844 852 lentum
866 801 924 862 pax
941 799 1005 842 omn
1021 797 1057 841 eo

40 870 170 948 populo
192 870 382 948 conponitur,
412 869 461 947 qui
483 867 656 929 imbecillior
677 877 722 928 est
743 868 836 928 altero
859 866 1058 944 praevalente,

42 957 106 1034 qui
122 954 268 1014 existimet
282 954 368 1012 tutius
384 969 452 1012 esse
466 951 521 1011 sibi
537 951 717 1012 descendere
732 953 760 1011 in
775 950 960 1012 conditiones
975 952 1059 1029 pacis

44 1056 145 1116 quam
162 1036 274 1096 dubiam
288 1035 360 1095 belli
373 1036 516 1097 fortunam
531 1037 669 1116 experiri.

2 1142 27 1165 ··
116 1121 240 1195 Lauini,
262 1119 401 1196 lancinet,
422 1119 531 1182 lacerat
554 1120 612 1181 hoc
628 1119 739 1197 dilicit,
761 1119 839 1200 quod
854 1119 942 1180 leniat
954 1118 1057 1194 lenius,

46 1224 124 1265 eum
139 1203 267 1264 membra
283 1203 429 1283 decerpit;
451 1203 559 1265 lacerat
573 1206 621 1284 qui
643 1203 771 1282 partibus
791 1205 851 1268 suis
865 1202 993 1264 membra
1009 1202 1058 1263 de·

44 1291 165 1355 stituit:
188 1288 314 1349 lancinat
327 1289 375 1366 qai
390 1288 527 1349 inutiliter
540 1288 667 1349 membra
681 1289 830 1366 discerpit.

121 1373 223 1432 Lustra
252 1371 395 1451 producte
423 1380 453 1430 et
471 1371 561 1433 lustra
587 1381 723 1451 correpte
743 1371 801 1432 bac
822 1374 959 1449 interest,
982 1369 1060 1449 quod

44 1458 150 1518 loistra
166 1465 246 1516 certa
261 1467 391 1536 tempora
408 1455 586 1532 auratasne
602 1455 721 1516 latibula
737 1456 864 1516 ferarum
874 1455 923 1516 rel
935 1456 1059 1534 turpium

5 1553 37 1602 io
49 1542 205 1602 bominum
224 1540 421 1622 receptacula.

122 1625 262 1704 Legatum
282 1635 312 1684 et
333 1624 491 1703 oratorem]
514 1623 628 1700 legatus
645 1623 752 1702 legitur
768 1623 804 1684 ad
826 1623 954 1684 cilicium
980 1641 997 1683 a
1019 1623 1058 1682 ci·

47 1705 164 1779 uitctm
186 1718 286 1771 orator
303 1710 339 1770 ed
355 1707 491 1770 orandum
508 1709 629 1785 missus,
644 1707 685 1767 uti
712 1709 772 1768 oris
795 1709 907 1768 ratione
930 1715 1059 1786 exponet

47 1796 83 1856 id
100 1793 179 1874 quod
193 1795 276 1874 petit.
847 1861 850 1869 ἱ

123 1877 245 1939 Liberos
266 1887 295 1938 et
313 1878 401 1958 illios]
420 1877 470 1938 lilii
487 1876 645 1938 masculino
663 1893 774 1954 genere
790 1884 952 1953 ponuntur,
973 1873 1059 1935 liberi

10 1965 83 2024 eoin
103 1971 229 2040 utroque
246 1980 332 2031 seam
356 1962 478 2040 siquod
497 1961 548 2020 lilii
563 1962 592 2020 in
608 1977 754 2020 numerum
775 1960 952 2036 singularem
972 1963 1068 2019 reve?

51 2049 119 2108 cari
135 2055 273 2127 possunt,
289 2045 374 2105 liberi
389 2063 446 2105 nou
461 2047 595 2125 possunt;
616 2045 716 2122 (nemo
732 2045 806 2102 euim
819 2042 888 2103 dicit
908 2045 957 2122 qui
971 2041 1060 2104 babet

51 2149 144 2190 unum
160 2130 264 2191 lilium:
286 2147 371 2189 nuum
385 2129 506 2190 liberum
519 2127 632 2208 babeo)
648 2130 715 2188 item
732 2127 810 2207 quod
826 2127 867 2188 iili
881 2127 974 2188 omnis
990 2143 1058 2187 con·

51 2215 176 2275 ditionis
192 2213 414 2291 intelleguntur,
435 2222 492 2273 tam
510 2215 588 2273 servi
604 2229 689 2292 mam
702 2212 836 2290 ingenui,
857 2211 942 2272 liberi
963 2220 1059 2272 autem

44 2297 117 2358 ¹non
133 2298 265 2359 dicuntur
278 2299 332 2356 nisi
347 2300 394 2375 qui
411 2296 446 2358 ab
462 2298 593 2375 ingenuis
610 2305 774 2356 nascuntur.

17 2401 44 2443 rc
121 2383 218 2460 Leges
237 2390 266 2441 et
280 2383 340 2442 iure
355 2381 412 2442 hoc
428 2381 539 2458 differt,
562 2379 640 2460 quod
658 2382 719 2440 iure
735 2388 854 2459 reperta
870 2388 935 2440 sunt
951 2378 986 2440 ab
1004 2377 1057 2440 bo·

5 2515 13 2518 .
54 2476 142 2526 nesta
162 2466 385 2534 cousuetudiue;
412 2463 501 2550 (unde
522 2466 606 2524 etiam
622 2466 666 2524 ius
682 2473 711 2524 et
732 2463 839 2524 iustitia
862 2464 925 2543 pari
946 2464 1059 2523 ratione

54 2551 192 2610 dicuutur
206 2550 241 2610 ab
258 2551 340 2609 unius
355 2551 493 2628 cuiusque
508 2545 585 2629 iure)
603 2547 698 2626 leges,
715 2547 792 2626 quod
808 2546 923 2607 electae
939 2548 994 2606 sint
1011 2544 1059 2606 ael
1137 2611 1138 2616 γ

1 2674 2 2707 p
54 2635 219 2695 sententias
232 2635 321 2694 artius
336 2634 428 2710 ligent
443 2651 494 2692 seu
509 2631 639 2708 elligent.

120 2717 280 2794 Legionem
305 2726 334 2776 et
351 2717 499 2795 dilectum]
519 2715 598 2793 legio
614 2713 717 2775 dicitur
734 2715 862 2774 viromm
878 2713 986 2776 electio
998 2713 1058 2774 ior·

1 2805 2 2814 ’
19 2804 128 2863 titium
144 2800 193 2861 vel
209 2811 305 2861 certus
322 2801 439 2868 militum
454 2818 599 2876 numeras,
615 2798 644 2858 id
659 2807 704 2859 est
716 2799 747 2866 V.
763 2811 824 2866 bct
843 2797 968 2858 dilectos
983 2813 1059 2878 quos

55 2888 183 2946 maxime
199 2883 359 2962 diligimus,
381 2893 411 2944 ut
426 2884 502 2944 lilios
516 2892 654 2963 parentes
669 2891 813 2961 cognatos
826 2882 877 2943 rel
892 2881 1009 2943 iratres.

118 2968 285 3034 Ludibrium
310 2977 339 3028 et
364 2968 517 3047 ludicrum]
545 2966 695 3027 ludibrium
714 2969 743 3027 in
767 2965 887 3027 alterius
902 2963 1056 3034 'iniuriam

1 3051 3 3144 l
57 3053 199 3116 ludicrum
218 3069 275 3132 quo
293 3053 349 3132 ipsi
367 3051 543 3112 delectamur
556 3052 618 3111 sine
635 3053 801 3136 cuiusquam
817 3049 998 3111 contumelia.

1 3147 3 3216 ξ
116 3138 163 3198 tii
185 3136 301 3197 etmihi
322 3135 505 3212 hoc'diiiert‚
523 3137 560 3196 mi
581 3152 742 3213 pronomen
758 3144 808 3195 ‘est
824 3135 951 3194 vocativi
972 3150 1057 3194 casus

22 3221 88 3283 ⁸⁵et
102 3223 184 3282 venit
200 3239 215 3280 a
232 3221 406 3281 nominativo
423 3237 519 3288 meus;
541 3219 609 3279 mibi
625 3219 816 3298 compositum
831 3234 992 3298 pronomen
1006 3214 1055 3277 de·

56 3308 227 3373 tivi·oasus;
250 3313 280 3366 et
293 3305 331 3364 mi
348 3301 502 3382 aliquando
518 3311 633 3382 pountur
648 3321 703 3383 pro
719 3301 858 3364 adverbio
878 3300 1007 3362 adlatiro
1027 3307 1057 3360 nt

57 3390 130 3453 vole
143 3391 186 3450 mi
193 3389 299 3468 frater
312 3389 477 3450 carissime
493 3387 576 3448 mibi.

122 3474 276 3536 Miseratus
299 3482 330 3534 et
348 3473 494 3552 misertus}
517 3470 593 3552 quod
607 3472 738 3532 misereri
760 3469 931 3532 calamitatis
951 3477 980 3528 et
996 3467 1057 3528 ior·
