2438 3872
512 279 643 328 orno.
1024 269 1086 334 21³

87 437 189 506 litavit,
202 451 266 494 cum
278 435 328 496 tali
340 437 485 497 sacrificio
498 435 642 496 contraria
657 443 725 494 exta
738 435 852 514 potiora
865 438 938 515 sint,
953 445 982 497 et
993 438 1087 517 primo
1190 488 1196 517 :

87 535 212 596 egressu
223 517 454 581 inundationibus
467 517 582 580 'liberis
594 517 773 597 retardatus,
787 519 823 581 ad
835 521 1026 582 nicensimam
1043 527 1085 582 ef·

85 606 144 663 iam
154 601 280 682 lapidem
294 605 376 664 ruina
389 604 586 665 aedificiorum
599 602 781 683 praeclusam
791 605 867 665 viam
881 604 1011 665 offendit.
1039 605 1082 665 Si·
1100 612 1119 669 9

85 686 146 747 mili
158 689 330 766 temeritate,
344 690 475 766 quamvis
491 685 606 748 dubium
623 688 729 746 nemini
749 697 830 748 esset
849 690 917 767 quin
933 689 1007 750 trabi
1024 687 1087 749 bel·
1199 736 1200 739 ι

60 771 145 834 slum
156 779 319 850 oporteret,
333 772 447 850 quando
461 780 491 832 et
507 772 583 832 fame
596 779 626 830 et
637 773 779 848 angustiis
790 771 920 832 locorum
934 782 1087 851 urgeretur

85 855 190 932 bostis,
204 857 420 935 quamprimum
432 865 527 918 tamen
546 855 700 915 decertare
718 857 830 934 statuit,
850 859 913 916 sive
931 859 1086 937 impatiens
1201 879 1205 930 ι,

85 940 229 1017 longioris
242 938 446 1000 sollicitudinis
460 956 643 1020 speransque
659 948 725 998 ante
737 940 839 1000 Vitelli
853 940 1006 1001 adventum
1019 959 1085 1021 pro
1204 935 1205 942 '

83 1023 180 1100 fligari
199 1023 350 1103 plurimum
363 1043 464 1104 posse,
478 1025 542 1084 sive
554 1025 648 1103 impar
658 1023 778 1084 militnm
790 1021 887 1086 ardori
899 1043 1025 1105 pugnam
1035 1024 1084 1086 de·

52 1137 56 1142 ·
85 1109 277 1188 poscentium.
307 1107 372 1169 Nec
384 1108 435 1169 ulli
448 1123 564 1188 pugnae
576 1106 657 1166 affuit
668 1106 853 1186 substititque
865 1109 996 1170 Brixelli.

42 1215 72 1256 ao
148 1191 415 1270 Ettribnsquidem
434 1209 536 1252 verum
551 1190 748 1251 mediocribus
769 1192 881 1271 proelis
900 1193 977 1273 apud
989 1194 1084 1274 Alpes

82 1279 220 1355 circaque
229 1276 406 1338 Placentiam
418 1286 447 1337 et
458 1275 494 1336 ad
506 1274 648 1351 Castoris,
660 1274 738 1353 quod
750 1275 818 1336 loeo
838 1294 942 1338 nomen
959 1288 1021 1356 est,
1041 1279 1084 1338 ri·

82 1363 138 1429 cit;
154 1361 314 1421 uonssimo
331 1363 514 1441 maximoque
535 1358 792 1440 apud'Betriacum
811 1360 912 1422 fraude
929 1370 1083 1441 superatus

81 1454 138 1522 est,
151 1461 215 1504 cnm
226 1440 281 1525 spe
293 1445 441 1525 conloquii
457 1445 549 1521 facta,
563 1445 645 1522 quasi
656 1444 694 1514 ad
710 1444 904 1505 conditionem
919 1448 998 1524 pacis
1012 1446 1083 1506 mili·
1110 1465 1116 1476 ·

79 1528 159 1590 tibus
172 1529 294 1606 eductis,
308 1531 506 1609 exinproviso
519 1537 605 1606 atque
621 1528 651 1586 in
669 1530 735 1608 ipsa
755 1529 986 1590 consalutatione
1003 1529 1083 1590 dimi-

40 1631 69 1673 1s
81 1612 205 1674 candum
215 1613 329 1674 fuisset.
361 1615 408 1675 Ac
424 1615 518 1674 statim
536 1609 677 1673 moriendi
695 1614 833 1692 impetum
845 1615 940 1693 cepit,
958 1621 989 1673 ut
1003 1615 1083 1675 multi

79 1715 138 1757 nec
153 1698 258 1758 frustra
271 1700 436 1778 opinantur,
448 1699 543 1775 magis
557 1694 668 1776 pudore
679 1713 716 1756 ne
725 1704 805 1756 tanto
816 1715 912 1757 rerum
924 1696 1082 1758 bominum-

1 1807 2 1810 *
79 1799 140 1861 que
152 1781 283 1862 periculo
295 1781 519 1843 dominationem
531 1779 588 1840 sibi
599 1797 736 1840 asserere
755 1789 979 1860 perseveraret,
999 1799 1084 1861 quam

80 1866 289 1947 desperatione
301 1866 360 1926 ulla
372 1874 420 1926 aut
431 1864 591 1926 diffidentia
600 1866 765 1945 copiarum;
781 1867 891 1946 quippe
902 1865 1028 1926 residuis
1039 1868 1082 1927 in-

78 1952 233 2029 tegrisque
245 1952 331 2011 etiam
344 1968 420 2010 nunc
433 1967 503 2028 quas
517 1966 616 2009 secum
629 1948 665 2010 ad
684 1949 829 2010 secundos
850 1968 935 2010 casus
954 1949 1082 2011 detinue-

40 2053 70 2096 2o
80 2043 138 2111 rat,
151 2043 181 2094 et
191 2032 463 2113 supervenientibus
476 2032 540 2094 aliis
558 2051 574 2091 e
587 2031 728 2095 Dalmatia
737 2033 942 2113 Pannoniaque
961 2043 991 2094 ct
1002 2034 1081 2097 bloe-

88 2119 143 2195 sia,
155 2136 192 2178 ne
202 2120 288 2179 victis
299 2117 414 2197 quidem
424 2116 498 2178 adeo
511 2116 625 2178 affictis
636 2127 667 2178 ut
683 2134 741 2177 non
756 2120 784 2177 in
801 2119 938 2179 ultionem
959 2121 1080 2197 ignomi-

77 2204 147 2262 niae
159 2201 273 2281 quidris
285 2200 457 2263 discriminis
474 2200 550 2262 ultro
562 2210 591 2261 et
603 2201 652 2262 vel
665 2201 747 2262 solae
759 2202 904 2264 subirent.¹

142 2284 275 2346 Interfuit
290 2285 361 2347 buic'
371 2285 452 2346 bello
468 2294 551 2366 pater
564 2303 646 2347 meus
664 2286 819 2348 Suetonius
835 2286 957 2364 Laetus,
977 2291 1123 2351 tertiaeltt

78 2370 212 2432 decimae
224 2369 351 2447 legionis
363 2369 494 2431 tribunus
510 2371 749 2447 angusticlavius.
772 2371 801 2432 ls
813 2389 881 2432 mox
892 2371 1004 2432 referre
1018 2391 1080 2433 cre·

42 2455 138 2515 asbro
156 2453 281 2531 solebat,
298 2453 441 2515 Othonem
453 2455 538 2514 etiam
552 2455 692 2534 privatum
703 2472 797 2533 usque
817 2455 892 2516 adeo
909 2455 1081 2518 detestatum

82 2539 181 2601 civilia
193 2557 284 2617 arma,
300 2547 330 2598 ut
340 2547 518 2599 memorante
531 2538 655 2617 quodam
667 2541 742 2598 inter
752 2540 855 2619 epulas
868 2538 904 2598 de
914 2537 998 2599 Cassi
1011 2540 1079 2600 Bru·

9 2657 11 2668 ι
80 2625 162 2703 tique
176 2625 255 2684 exitu
273 2622 471 2690 cohorruerit;
489 2640 546 2681 nec
564 2639 770 2683 concursurum
786 2642 850 2684 cum
866 2622 957 2684 Galba
975 2623 1079 2701 fuisse,

79 2709 139 2768 nisi
155 2707 317 2770 confideret
333 2709 397 2768 sine
408 2705 488 2767 bello
500 2723 569 2765 *rem
584 2707 706 2783 transigi
723 2725 826 2786 posse:
847 2717 914 2767 tunc
928 2705 964 2768 ad
982 2707 1079 2789 despi-

81 2791 214 2854 ciendam
237 2793 325 2854 vitam
345 2791 481 2872 exemplo
499 2791 685 2871 manipularis
702 2791 801 2852 militis
820 2793 1012 2868 concitatum,
1031 2794 1080 2872 qui

42 2895 69 2938 ao
82 2896 149 2939 cnm
161 2877 274 2939 cladem
287 2879 434 2937 exercitus
447 2876 592 2936 nuntiaret
602 2893 658 2935 nec
670 2877 802 2955 cuiquam
813 2875 898 2936 fidem
910 2874 1032 2954 faceret,
1044 2896 1080 2938 ac

13 2967 16 3046 ξ
77 2980 157 3024 nunc
167 2963 299 3025 mendaci
310 2978 385 3022 nuuc
397 2961 507 3021 timoris
520 2962 602 3038 quasi
613 2959 739 3036 fugisset
757 2978 795 3020 ex
812 2961 877 3020 acie
896 2969 1078 3038 argueretur,

14 3047 18 3150 p
63 3045 181 3128 -gladio
193 3056 259 3108 ante
273 3046 365 3127 pedes
376 3047 439 3106 eius
450 3043 622 3104 incubuerit.
644 3042 708 3104 lloc
719 3046 783 3105 viso
800 3043 999 3124 proclamasse
1014 3063 1079 3104 eum

16 3179 18 3210 e
80 3131 191 3216 aiebat,
201 3149 259 3193 nou
270 3131 394 3212 amplius
408 3147 440 3190 se
452 3129 482 3188 in
493 3128 654 3209 periculum
664 3126 732 3190 talis
742 3139 856 3208 tamque
871 3127 1079 3189 benemeritos

16 3219 17 3226 ’
80 3219 289 3280 coniecturum.
497 3240 500 3246 ’

42 3325 69 3368 aa
143 3299 274 3364 Fratrem
285 3300 374 3378 igitur
391 3300 546 3377 fratrisque
557 3298 645 3358 filium
662 3306 692 3358 et
708 3297 840 3375 singulos
857 3297 1013 3357 amicorum
1028 3311 1077 3358 co·

76 3389 212 3451 bortatus
223 3395 253 3446 nt
265 3384 319 3445 sibi
332 3386 455 3464 quisque
470 3402 522 3464 pro
533 3382 672 3444 facultate
688 3381 870 3457 consuleret,
886 3379 923 3439 ab
942 3380 1079 3460 amplexu
1136 3393 1138 3397 ’

78 3484 110 3535 et
121 3470 226 3536 osculo
238 3487 292 3530 suo
307 3468 412 3530 dimisit
424 3469 527 3543 omnis,
539 3475 715 3546 secretoque
728 3475 816 3546 capto
827 3464 912 3525 binos
925 3464 1078 3526 codicillos
1141 3495 1148 3520 t

78 3576 188 3621 exarat
205 3564 226 3635 t,
240 3551 276 3615 ad
288 3570 419 3614 sororem
429 3551 655 3630 consolatorios,
669 3547 933 3612 etadblessalinam
939 3549 1078 3628 Neronis,
