2408 3870
175 185 262 233 IrVIII
513 185 720 234 PRAEFATIO.

176 350 294 416 gavarat
308 349 422 420 emptus.
466 343 575 400 bibrum
593 320 716 400 omnium
727 345 858 416 optimum
879 353 906 402 et
927 346 1080 417 integerri-

176 444 249 485 mum
264 427 360 496 (etiam
375 443 456 497 nuno,
472 434 617 500 postquam
624 426 762 484 Gudianus
775 424 911 500 accessit)
929 430 1081 500 diligenter

177 510 387 582 descripserunt
402 517 429 565 at
445 511 619 566 contulerunt
633 510 789 568 Ludovieus
804 513 889 568 Tross
908 513 935 567 in
955 513 1080 568 editione

176 595 325 650 Hammone
343 612 368 650 a.
384 597 450 652 1841
463 594 584 663 vulgato,
599 593 671 648 Frid.
688 593 791 650 Ilitscbl
807 593 835 648 iu
851 594 980 666 Parergis
997 595 1080 652 Plau·

175 678 244 733 linis
261 683 276 736 l
291 695 318 749 p.
333 682 399 746 609,
422 678 460 732 lo.
478 676 556 732 Ferd.
572 676 725 733 blassmaun
741 676 776 732 ad
791 677 879 733 'laciti
896 678 1078 735 Germaniam.

218 768 244 820 3.
277 761 456 816 Gudianus
476 765 525 828 93,
553 757 726 828 Guelferbyti
754 760 894 833 repositus
921 761 972 816 clr.
993 762 1081 818 libert

175 844 244 901 bibl.
261 843 401 900 Guelierb.
417 857 443 915 p.
463 848 527 910 159,
550 841 681 898 loliorum
700 843 939 914 quaternariorum
959 851 1079 916 septem,

175 927 305 1002 optimus.
348 926 408 981 blea
423 925 514 996 gratia
529 925 743 996 diligentissime
761 927 878 982 contulit
892 927 1080 985 amicissimus

175 1013 218 1067 vir
236 1009 443 1084 Theodorus
461 1009 629 1064 lloebius
643 1009 804 1081 Lipsiensis.

238 1094 386 1149 Praeterea
411 1091 440 1147 in
455 1091 633 1148 Vaticano
647 1097 732 1162 4498,
757 1093 784 1148 in
800 1109 855 1165 qno
871 1094 1010 1150 volumius
1031 1111 1079 1150 su-

175 1193 227 1250 por
241 1178 312 1231 duos
327 1175 414 1231 Taciti
435 1175 548 1231 libellos
572 1174 695 1230 eiusdem
711 1175 861 1246 Agrianum,
883 1177 948 1232 item
971 1177 1077 1234 Plinius

152 1255 211 1316 ’de
237 1258 306 1316 viris
333 1258 487 1314 illustribus
514 1258 653 1329 multaque
677 1259 731 1314 alia
758 1259 863 1331 sorIpta
891 1261 1079 1332 continentur,

175 1344 328 1400 blassmanu
348 1343 463 1397 eundem
483 1341 620 1397 nominum
642 1342 761 1398 indicem
784 1344 936 1413 praelixam
955 1343 1079 1400 inveniri

174 1426 271 1483 rciert.
314 1424 371 1480 Nec
393 1425 481 1480 minus
502 1424 530 1479 in
557 1423 801 1497 Neapolitano
823 1426 884 1482 sive
907 1427 1078 1483 Farnesiano

172 1509 244 1564 idem
258 1509 348 1564 videri
368 1509 473 1580 poterit
492 1509 613 1580 scriptus
627 1525 709 1578 esse,
732 1526 792 1564 oum
815 1515 892 1565 certe
913 1510 941 1564 iu
957 1511 1078 1566 Iacileis

172 1592 277 1648 libellis
306 1592 447 1664 exemplar
468 1591 537 1646 illud
567 1593 740 1664 superiorum
762 1599 789 1648 et
808 1593 925 1648 maxime
949 1593 1077 1649 Vaticani

172 1682 242 1736 1518
260 1691 353 1732 comes
367 1675 404 1730 sit
422 1681 583 1747 perpetuus.
628 1674 729 1730 Contra
751 1675 869 1732 omissus
885 1677 938 1744 as't,
955 1677 1077 1732 consilio

172 1766 240 1832 puto
256 1759 388 1827 editoris,
409 1759 436 1814 in
450 1759 659 1814 Florentina
676 1758 799 1814 aditione
819 1776 842 1815 a.
859 1765 942 1823 1478;
960 1775 1078 1831 namque

173 1859 206 1898 ea
228 1859 287 1897 oum
303 1842 385 1898 libris
401 1842 482 1898 modo
500 1840 667 1896 enumeratis
677 1841 788 1913 ,alioqui
810 1842 973 1915 conspirare
992 1843 1076 1900 solet.

236 1926 290 1980 laur
312 1925 356 1981 his
373 1924 454 1980 libris
470 1926 585 1981 alterurn
603 1925 737 1980 librorum
761 1941 849 1995 genus
865 1928 1016 1998 opponitur
1035 1926 1077 1981 in·

174 2009 235 2064 dice
261 2009 311 2064 illo
333 2009 507 2073 destitutum,
535 2023 649 2062 uumaro
671 2006 774 2076 maius,
798 2008 923 2065 bonitate
947 2009 1076 2065 interius.

173 2090 330 2160 Diligenter
346 2091 441 2147 collati
457 2097 520 2146 sunt
535 2090 578 2145 hi:

215 2180 240 2229 l.
262 2169 531 2243 B'eroliuensis,
548 2173 628 2228 simul
644 2190 704 2229 oum
720 2173 867 2232 Caesarum
886 2173 950 2230 uitis
967 2177 1001 2231 ab
1017 2174 1076 2230 An-

173 2257 251 2312 tonio
268 2257 413 2312 Sinibaldo
431 2256 548 2328 Neapoli
567 2273 591 2311 a.
607 2260 673 2315 1477
689 2259 819 2330 scriptus.
864 2257 930 2312 Eius
945 2258 1077 2313 collatio-

174 2356 236 2396 nem
252 2357 305 2396 uon
317 2339 497 2411 indiligenter
513 2339 612 2394 lactem
625 2339 696 2395 Frid.
710 2338 802 2398 Osann
814 2347 972 2412 acceperat,
990 2340 1076 2396 multo

174 2424 376 2480 accuratiorem
404 2423 469 2477 milri
499 2423 573 2477 douo
602 2422 680 2477 dedit
709 2423 912 2494 Rudolpbus
941 2425 1076 2479 Burolr-

173 2507 280 2564 bardt
299 2505 478 2574 Basiliensis,
500 2511 613 2560 nostrae
639 2505 805 2578 disciplinae
830 2522 885 2562 uon
906 2507 944 2561 ita
967 2507 1076 2579 pridem

174 2591 306 2648 alumnus.
352 2588 412 2652 Non
433 2603 496 2644 esse
512 2589 584 2643 buno
605 2588 729 2644 codicem
752 2589 920 2660 exscriptum
936 2606 952 2645 a
968 2588 1076 2646 Veneta

174 2674 298 2729 editione
314 2689 339 2728 a.
356 2675 434 2740 1474,
451 2687 510 2726 oum
527 2688 578 2742 qua
596 2671 664 2728 mira
681 2673 707 2727 ei
723 2672 900 2728 necessitudo
916 2671 1076 2743 intercedit,

174 2757 256 2812 multa
280 2755 478 2825 comprobant,
510 2760 539 2808 ut
564 2772 616 2811 una
643 2755 794 2827 eademque
819 2755 920 2827 pagina
943 2761 995 2813 258
1021 2756 1076 2812 bae

173 2838 325 2894 lectiones:
352 2839 465 2904 uiueret,
483 2843 569 2908 cique
592 2840 692 2910 mapsa,
716 2841 910 2910 precavere,
937 2841 1075 2909 inpressu,

171 2921 284 2992 epistola
300 2921 423 2989 ostendit,
437 2921 534 2990 lepido,
551 2938 664 2991 quarum
680 2923 744 2979 looo
763 2922 850 2978 editio
864 2922 913 2977 illa
928 2923 978 2978 has
993 2938 1077 2992 prae-

173 3004 242 3059 iart:
258 3003 373 3072 miserit,
390 3019 423 3057 oe
437 3006 655 3076 mepte-prelia,
669 3020 782 3076 pressu,
797 3007 926 3076 epistola,
941 3005 1033 3076 tepida.

215 3091 242 3142 2.
262 3085 479 3142 llarloianus
502 3093 586 3157 2639,
611 3088 736 3144 Londinii
758 3089 785 3142 in
805 3104 900 3144 museo
915 3087 1075 3143 Britannico

172 3169 330 3240 repositus,
353 3170 472 3242 scriptus
494 3178 524 3226 ut
539 3171 648 3227 videtur
665 3189 690 3227 a.
712 3177 779 3232 1462
796 3178 823 3227 et
847 3186 907 3226 eum
923 3171 1019 3226 Tacito
1040 3169 1076 3225 de

174 3250 338 3309 Oratoribus
351 3254 522 3309 coniunctus.
568 3253 741 3310 Examinnrit
758 3272 782 3310 a.
800 3253 955 3313 1851Frid.
971 3251 1074 3308 Osann.

215 3341 241 3394 3.
259 3335 448 3392 Parisinus
463 3343 542 3407 7773,
558 3339 694 3408 quondam
709 3337 884 3407 Petavianus,
900 3352 960 3392 cum
976 3338 1077 3392 eodem

173 3417 262 3475 Taciti
278 3419 377 3497 libello
394 3421 558 3491 cohaerens,
575 3421 693 3475 omnium
708 3421 842 3476 librorum
855 3426 882 3476 et
896 3419 1033 3491 pessImus
1048 3423 1089 3474 et.
1199 3449 1201 3456 ›
