2444 3872
110 156 168 217 112
190 166 221 214 e.
237 164 389 214 sunnour
408 163 535 224 nanno.
552 164 600 210 nn
615 162 699 211 vrrs
714 162 898 212 cassanum
913 163 984 211 nrn.
1000 164 1054 213 111.

1208 225 1210 270 l

107 325 157 382 tim
173 339 205 382 se
221 321 297 381 dorni
310 319 532 380 vulneraverunt
545 321 617 380 certi
628 318 817 380 damnationis
833 327 862 378 et
876 316 912 379 ad
926 319 1115 377 vexationem
1209 319 1210 352 l

107 405 349 484 ignominiamque
358 403 512 480 uitandam,
522 403 624 482 partim
638 404 667 463 in
681 402 775 467 media
791 403 870 462 curia
886 420 1029 462 venenum
1044 400 1114 460 han·

104 498 220 559 serunt:
243 496 272 548 ct
293 497 388 548 tamen
409 486 563 564 conligatis
585 487 753 548 vulneribus
768 503 803 546 ac
819 487 1001 567 semianimes
1018 484 1113 564 palpi-

105 583 259 651 tantesque
280 570 373 632 adbuc
392 573 421 630 in
439 589 587 632 carcerem
607 573 692 651 rapti.
721 570 814 631 Nemo
829 572 993 650 punitorum
1007 586 1066 628 non
1084 570 1115 626 in

109 658 262 720 Gemonias
283 655 414 716 abiectus
434 673 570 733 uncoque
590 663 717 731 tractus,
741 653 843 734 viginti
865 672 922 714 uno
941 654 988 714 die
1004 652 1137 713 abiectis

37 751 39 755 ’
104 742 265 820 tractique,
291 741 366 799 inter
393 757 445 800 eos
470 739 594 799 feminae
617 748 647 799 et
668 739 961 819 puerillmmaturac
982 737 1113 817 puellae,
1209 761 1210 788 2

46 871 51 880 .
107 827 174 907 quia
194 842 276 884 more
300 823 405 884 tradito
426 823 509 884 neias
532 831 612 883 esset
632 825 762 901 virg-ines
783 824 973 900 strangulari,
994 823 1113 881 vitiatae

108 911 188 990 prius
204 927 220 969 a
236 909 388 986 carnifice,
409 907 476 969 dein
491 901 722 988 strangulatae.)
735 907 810 968 llori
825 907 989 967 volentibus
1003 906 1049 966 vis
1062 903 1112 964 ad·
1209 973 1210 976 Ἴ

63 1005 68 1013 ·
106 993 196 1054 hibita
223 990 349 1052 vivendi.
379 991 452 1052 Nam
471 1001 593 1052 mortem
609 991 683 1051 adeo
703 991 770 1051 leve
790 991 965 1072 supplicium
980 987 1112 1073 putabat,

106 1087 137 1138 ut
161 1095 224 1137 cum
242 1075 369 1136 audisset
384 1094 468 1135 unum
482 1094 498 1134 c
513 1077 588 1152 reis,
613 1073 769 1136 Carnulum
781 1077 912 1152 nomine,
934 1075 1148 1152 anticipassent
1209 1105 1210 1122 ÷

107 1180 187 1236 eam,
208 1160 431 1220 exclamauerit.-
462 1157 620 1220 Curnulus
637 1177 685 1218 me
708 1161 815 1220 evasit.
854 1159 892 1220 Et
910 1161 940 1218 in
965 1175 1111 1234 recogno·

55 1309 57 1312 ,
107 1244 223 1305 scendis
252 1241 390 1323 onsffldiis
416 1244 547 1322 precanti
573 1243 683 1304 cuidam
709 1262 822 1324 poenae
844 1245 1035 1303 maturitatem
1064 1259 1112 1300 re·

106 1326 242 1408 spondit:
260 1325 404 1387 Nondum
424 1332 521 1387 tectum
541 1327 574 1388 a'u
591 1328 729 1406 prolium
745 1328 835 1388 redii.
868 1326 1029 1388 Annalibus
1051 1323 1112 1384 suis

105 1414 151 1472 vir
174 1410 489 1488 consularis'inscruit,
511 1410 657 1490 frequenti
678 1412 821 1490 quondam
843 1412 997 1486 convivio,
1023 1411 1068 1469 cui
1083 1417 1113 1467 et

106 1497 171 1574 ipse
185 1495 314 1571 affuerit,
336 1496 542 1572 interrogatum
557 1513 622 1555 eum
636 1496 731 1556 subito
747 1504 776 1556 et
791 1496 869 1556 clare
885 1513 901 1556 a
917 1494 1042 1573 quodam
1058 1511 1108 1553 na·
1122 1515 1149 1557 ra

18 1597 20 1602 ·
106 1598 143 1665 pp
170 1587 281 1640 astante
305 1594 423 1639 mensae
446 1581 520 1638 inter
542 1597 683 1665 copreae,
711 1600 761 1640 eur
783 1579 926 1640 Paconius
951 1563 1112 1639 maiestatis

105 1682 173 1724 reus
193 1672 252 1725 tam
271 1662 461 1739 diu-viveret,
485 1665 580 1724 statim
595 1657 710 1741 quidem
726 1663 911 1742 petulantiam
925 1663 1042 1740 linguae
1058 1659 1111 1720 ob·

105 1750 254 1825 iurgasse,
281 1757 408 1807 ceterum
429 1755 498 1826 post
519 1764 630 1825 paucos
645 1747 708 1807 dies
724 1747 880 1826 scripsisse
895 1747 1006 1806 senatui
1022 1754 1052 1804 ut
1073 1744 1111 1804 de

107 1849 203 1911 poena
219 1831 328 1891 Paconi
345 1848 430 1909 qnam
445 1832 566 1909 primum
581 1839 730 1894 statueret.

49 1910 98 1978 ‘62
170 1915 258 1974 Auxit
272 1914 450 1992 intenditque
462 1917 624 1992 saevitiam,
641 1915 833 1976 exacerbatus
848 1914 954 1976 indicio
968 1901 1111 1973 de'nnorte
1120 1937 1148 1978 20
1209 1899 1210 1920 ¹

49 2045 67 2120 s,
106 1999 156 2059 lilii
178 1995 222 2058 sni
243 1997 342 2093 Drusi,
377 1999 470 2088 Quem
493 2017 556 2058 cum
577 2000 680 2059 morbo
703 2007 732 2058 et
754 1999 975 2079 intemperantia
996 1998 1113 2075 perisse

13 2114 55 2180 ,svs
64 2121 82 2185 p.
106 2085 284 2179 existimaret
287 2127 314 2166 ,-
325 2091 354 2141 ut
366 2082 488 2181 'tandem
508 2099 622 2182 veneno
645 2085 846 2162 interemptum
865 2081 967 2142 iraude
988 2079 1111 2178 Liuillae

105 2182 207 2224 uxoris
222 2172 308 2242 atque
324 2166 421 2226 Seram
439 2177 590 2244 cognovit,
613 2185 707 2246 neque
722 2167 872 2228 tormentis
886 2180 981 2244 neque
999 2165 1110 2244 supph-

108 2251 154 2308 cio
175 2249 341 2324 cuiusquam
361 2251 511 2328 pepercit,
533 2251 589 2310 soli
614 2251 681 2312 huic
696 2252 856 2330 cognitioni
871 2250 945 2311 adeo
961 2267 1015 2329 per
1030 2258 1110 2310 totos
1209 2277 1210 2284 κ

106 2333 168 2393 dies
183 2331 294 2392 deditus
313 2341 342 2392 et
361 2333 502 2411 intentus,
525 2344 555 2394 ut
568 2335 764 2397 Rhodiensem
779 2335 942 2414 hospitem,
967 2351 1052 2413 quem
1067 2332 1109 2392 ia·
1119 2355 1147 2396 aa

105 2416 263 2478 miliaribus
274 2417 378 2480 litteris
392 2418 518 2500 Romam¹
529 2431 683 2497 evocarat,
704 2415 857 2482 advenisse
871 2418 926 2478 sibi
940 2419 1110 2493 nuntiatum,

105 2493 236 2582 torqueri
251 2503 313 2562 sine
324 2520 407 2564 mora.
420 2505 546 2580 iusserit,
563 2504 643 2583 quasi
660 2505 764 2585 aliquis
779 2523 817 2564 ex
831 2503 1007 2563 necessariis
1019 2519 1109 2579 quae·
1208 2543 1210 2550 ,

105 2589 193 2646 stioni
210 2586 337 2665 adesset,
355 2586 458 2649 deinde
473 2606 574 2648 errore
592 2589 724 2666 detecto,
746 2597 775 2650 et
789 2587 899 2664 occidi,
921 2603 958 2645 ne
976 2585 1110 2662 vulgaret
1209 2609 1210 2650 3

106 2672 245 2730 iniuriam.
278 2668 468 2732 Carnibeinae
494 2674 555 2732 eius
578 2673 737 2733 ostenditur
757 2675 841 2734 locus
865 2670 1003 2749 Capreis,
1030 2668 1109 2728 unde
1209 2665 1210 2688 l

106 2753 256 2813 damnatos
267 2763 335 2833 post
349 2755 438 2832 longa
454 2766 483 2816 et
495 2759 637 2836 exquisita
651 2767 793 2818 tormenta
808 2755 996 2836 praecipitari
1009 2770 1148 2832 coramao

106 2857 139 2897 se
159 2839 188 2895 in
202 2855 282 2896 mare
297 2837 429 2916 iubebat,
451 2843 616 2921 excipiente
633 2841 847 2902 classiariorum
864 2857 947 2900 manu
965 2847 994 2898 et
1013 2840 1110 2898 contis

105 2929 192 2998 atque
208 2922 296 2980 remis
319 2921 444 2983 elidente
467 2924 623 3000 cadavera,
646 2943 683 2984 nc
704 2927 749 2985 cui
770 2925 878 2986 residui
894 2923 1012 3002 spiritus
1027 2923 1110 3002 quio·

31 3018 35 3026 ’
106 3022 191 3083 quam
214 3007 333 3065 inesset.
354 3006 597 3084 .hlxcogitaverat
617 3017 711 3068 autern
733 3010 808 3069 inter
830 3025 941 3086 genera
964 3010 1113 3068 cruciatus
1204 2999 1210 3088 '3

41 3120 45 3126 ·
106 3089 205 3168 etiam,
224 3098 254 3148 ut
270 3089 352 3168 larga
368 3093 439 3150 meri
458 3094 577 3170 potione
590 3110 643 3170 per
654 3092 798 3154 fallaciam
811 3101 964 3168 oneratos,
982 3101 1111 3170 repente
1208 3095 1210 3150 l

104 3175 231 3234 ueretris
244 3173 394 3253 deligatis,
419 3174 597 3236 fidicularum
615 3177 697 3238 simul
711 3179 868 3256 urinaeque
885 3173 1029 3237 tormento
1051 3175 1149 3244 dis-as
1208 3177 1210 3222 ἓ

103 3257 263 3318 tenderet?
278 3258 362 3333 Quod
378 3261 432 3320 nisi
450 3278 513 3320 eum
532 3269 561 3320 et
577 3279 655 3321 mors
667 3263 868 3341 praevenisset
891 3270 920 3320 et
935 3257 1111 3335 Thrasyllus
1209 3257 1210 3260 ’

106 3343 252 3420 consulto,
270 3351 300 3403 ut
317 3345 402 3423 aiunt,
416 3343 534 3405 dilierre
550 3345 690 3423 quaedam
706 3364 761 3425 spe
778 3346 921 3424 longioris
938 3345 1017 3404 vitae
1028 3347 1109 3404 coin·

105 3423 246 3506 pulisset,
268 3427 367 3507 plures
388 3428 534 3507 aliquanto
557 3439 711 3490 necaturus
733 3449 768 3492 ao
790 3448 826 3490 ne
848 3428 968 3508 reliquis
992 3429 1112 3508 quidem
