2444 3872
295 606 339 687 o.
368 606 605 690 sunnoou
629 579 973 695 nnnnoomm

143 773 264 875 DE
317 771 1120 878 VITAUAESARUM

509 975 649 1042 LIBER
670 976 753 1042 1111.

429 1135 464 1210 (i.
498 1134 836 1210 conlaudo.

95 1497 112 1538 n
191 1471 395 1550 Germanicus,
414 1469 448 1532 (i.
471 1469 607 1533 Caesaris
628 1481 728 1552 pater,
750 1474 837 1534 Drusi
855 1483 885 1535 et
905 1474 1024 1536 minoris
1039 1473 1164 1545 Anto-1

126 1560 192 1618 niae
207 1556 294 1634 filius,
309 1555 456 1618 a'i'iberio
472 1564 576 1636 patruo
592 1555 757 1636 adoptatus,
774 1569 958 1638 quaesturam
973 1561 1133 1639 qudnquen·

125 1645 174 1703 nio
200 1650 266 1703 ante
291 1659 374 1720 quam
397 1640 556 1720 perleges
579 1640 684 1702 liceret
712 1652 741 1703 et
770 1652 838 1722 post
864 1661 928 1703 eam
955 1642 1134 1703 consulatum

125 1727 222 1787 statim
233 1728 338 1804 gessit,
354 1726 517 1804 missusque
529 1722 566 1786 ad
582 1727 743 1786 exercitum
757 1728 786 1786 in
799 1726 992 1804 Germaniam,
1007 1744 1135 1787 excessu

125 1809 252 1886 Augusti
269 1811 407 1885 nuntiato,
423 1808 559 1886 legiones
573 1810 743 1888 universas,
765 1813 971 1890 imperatorem
987 1810 1134 1872 Tiberium

1 1897 3 1959 s
90 1894 360 1975 ropertinacissime
372 1894 534 1954 recusantis
549 1903 577 1954 et
589 1893 645 1953 sibi
659 1913 796 1956 summam
810 1896 855 1955 rei
870 1913 899 1975 p.
916 1893 1078 1956 deferentis
1093 1897 1134 1954 in·

126 1987 238 2040 certum
253 1979 364 2057 pietate
377 1995 413 2038 an
430 1979 591 2038 constantia
606 1979 717 2038 maiore
735 1980 928 2059 compescuit,
944 1989 1033 2058 atque
1046 1979 1135 2039 bostc

123 2080 194 2124 mox
214 2060 331 2122 devicto
352 2061 547 2140 triumphavit.
580 2059 690 2124 Consul
711 2062 814 2124 deinde
836 2065 939 2124 iterum
961 2072 1077 2124 creatus
1098 2081 1135 2123 ac

125 2149 207 2228 prius
227 2165 312 2225 quam
325 2145 466 2207 honorem
481 2147 567 2206 iniret
583 2146 620 2207 ad
636 2148 869 2227 componendum
884 2146 1013 2208 Orientis
1027 2156 1133 2208 statum

125 2229 281 2310 expulsus,
304 2248 368 2291 cum
381 2229 538 2291 Armenias
554 2248 655 2308 regem
678 2230 852 2310 devicisset,
870 2230 1088 2312 Cappadociam
1104 2234 1132 2291 in
1218 2233 1220 2294 ἶ

28 2337 35 2346 ·
91 2334 116 2376 ra
127 2315 301 2396 provinciae
315 2315 437 2376 formam
454 2314 637 2394 redegisset,
654 2333 757 2376 annum
773 2333 865 2394 agens
880 2318 985 2377 aetatis
1001 2325 1132 2394 quartum
1218 2319 1220 2394 i

125 2409 155 2460 et
179 2399 375 2459 tricensimum
398 2398 531 2460 diuturno
554 2399 657 2460 morbo
672 2400 848 2462 Antiochiae
873 2401 960 2484 obiit,
984 2417 1042 2460 non
1069 2401 1132 2460 sine
1219 2429 1220 2436 κ

124 2483 232 2544 veneni
253 2485 431 2563 suspicione.
464 2482 537 2543 Nam
560 2493 678 2562 praeter
698 2483 826 2562 livores,
851 2481 900 2563 qui
921 2492 984 2544 toto
1003 2500 1132 2563 corpore
1215 2535 1219 2554 ,

125 2576 218 2645 erant,
235 2574 264 2627 et
279 2584 413 2647 spumas,
434 2585 509 2646 quac
526 2585 629 2646 penos
644 2567 785 2643 fluebant,
803 2569 923 2628 cremati
945 2585 1061 2646 quoqne
1079 2584 1133 2628 cor
1217 2585 1219 2648 t

1 2699 2 2734 ἶ
124 2654 200 2712 inter
214 2668 282 2712 ossa
294 2653 494 2730 incorruptum
503 2661 651 2729 repertum
665 2661 723 2712 est:
735 2653 816 2712 cuius
828 2670 862 2712 ea
874 2661 974 2712 natura
985 2652 1130 2713 existima·
1218 2677 1219 2716 1

1 2739 2 2802 g
90 2753 116 2795 ro
125 2745 181 2812 tur,
196 2745 226 2795 ut
241 2735 359 2796 tinctum
374 2753 489 2797 veneno
505 2738 575 2815 igne
593 2736 698 2796 confici
714 2745 849 2815 nequeat.
885 2734 963 2796 Obiit
977 2745 1081 2814 autem,
1096 2745 1166 2800 utt
1217 2727 1219 2745 ¹

1 2808 2 2825 ¹
125 2821 226 2899 opinio
246 2819 316 2898 fuit,
343 2819 445 2882 fraude
460 2819 575 2896 Tiberi,
596 2820 755 2880 ministerio
773 2829 801 2880 et
817 2839 909 2901 opera
927 2817 987 2882 CN.
1004 2820 1129 2899 Pisonis,

125 2906 174 2984 qui
195 2903 248 2963 sub
278 2905 354 2964 idem
380 2913 494 2984 tempus
519 2905 621 2979 Syriae
645 2906 848 2983 praepositus,
869 2923 924 2965 nec
946 2904 1130 2965 dissimulans

124 2987 331 3050 offendendum
351 2988 406 3048 sibi
428 2997 476 3049 aut
498 2997 609 3067 patrem
634 2997 681 3048 aut
700 2988 801 3067 iulium,
823 2990 906 3068 qnasi
923 2989 1009 3069 piane
1025 2991 1063 3049 ita
1078 3007 1129 3049 nc·
1216 3053 1217 3072 ,

125 3091 212 3133 cesse
230 3083 321 3149 esset,
335 3075 421 3132 etiam
434 3090 557 3150 vaegrum
572 3071 772 3134 Germanicum
783 3073 1129 3151 gravissimisverborum
1215 3073 1217 3138 i

89 3171 159 3218 asan
178 3175 276 3217 rerum
289 3156 495 3217 acerbitatibus
515 3155 594 3216 nullo
612 3156 740 3216 adhibito
759 3157 846 3219 modo
863 3158 983 3227 adfecit;
1004 3166 1128 3236 propter

125 3259 209 3320 quae,
229 3250 265 3316 ut
276 3241 398 3302 Romam
413 3240 507 3319 rediit,
530 3257 625 3320 paene
643 3241 808 3322 discerptus
827 3260 842 3302 a
861 3241 1009 3321 populo,a
1026 3248 1128 3300 senatu

124 3327 231 3406 capitis
255 3325 403 3386 damnatus
419 3333 474 3385 est.
519 3322 626 3384 Omnes
642 3323 813 3387 Germanico
831 3327 965 3405 corporis
981 3325 1125 3403 animique
1141 3332 1162 3387 3

122 3409 254 3489 virtutes,
268 3418 298 3469 et
317 3417 438 3487 quantas
457 3407 563 3469 nemini
576 3409 717 3488 cuiqnam,
734 3409 893 3486 contigisse
910 3408 980 3469 satis
997 3415 1126 3469 constat:

1 3541 2 3620 γ
122 3493 245 3555 formam
260 3501 291 3553 et
310 3493 507 3554 fortitudinem
524 3494 688 3572 egregiam,
711 3494 858 3570 ingenium
880 3495 908 3552 in
924 3501 1048 3572 utroque
1065 3490 1127 3552 elo-
