2444 3872
81 154 125 220 92
170 165 201 215 c.
217 165 571 226 submurmurans
584 167 667 214 vrrs
683 167 867 216 csussnuu
880 167 948 215 nrn.
962 167 1013 215 111.

82 324 173 400 duxit,
184 329 317 401 quantum
332 323 360 380 iu
376 339 408 380 se
424 328 511 397 esset,
525 338 648 382 exorare
666 321 743 381 filiae
758 329 871 401 patrem
885 320 1089 400 frequentibus

81 409 186 468 litteris
202 413 231 465 et
244 406 293 466 uel
310 414 461 484 utcumque
477 406 614 481 meritae,
637 405 774 484 quidquid
786 423 922 486 umquam
942 404 1019 466 dono
1036 404 1087 464 de·

81 492 188 568 disset,
217 488 391 549 concedere.
436 488 595 550 Transacto
619 497 712 548 autem
739 489 909 551 tribuniciae
929 491 1086 568 potestatis

80 586 231 655 tempore,
249 573 401 633 confessus
419 571 549 649 tandem,
573 572 644 632 nihil
662 572 738 634 aliud
754 591 873 634 secessu
889 573 1035 633 deuitasse
1052 591 1087 632 se

81 677 164 739 quam
181 657 379 718 aemulationis
397 674 460 716 cuuu
476 654 509 716 (l.
520 656 667 736 Lucioque
683 659 881 737 suspitionem,
897 658 970 736 petit
984 665 1014 716 ut
1028 655 1107 716 sibie

80 759 185 805 securo
201 742 257 801 iam
270 741 305 802 ab
322 740 377 800 bac
392 749 484 820 parte,
498 741 701 802 conroboratis
715 741 759 802 bis
774 749 804 800 et
818 739 974 801 secundum
989 739 1086 800 locum
1216 795 1218 828 r

79 827 168 888 facile
184 825 356 900 tutantibus,
374 826 589 904 permitteretur
605 828 737 886 revisere
752 823 998 902 necessitudines,
1015 841 1084 902 qua·
1215 845 1218 928 q

83 929 146 972 rum
162 892 306 971 desiderio
321 915 478 969 teneretur.
495 909 554 969 Sed
567 913 662 988 neque
678 910 841 989 impetrauit
851 909 984 988 ultroque
1000 909 1086 968 etiam
1211 934 1218 991 q

84 994 242 1056 admonitus
260 1001 319 1070 est,
337 991 500 1054 dimitteret
513 1011 630 1054 omnem
646 1011 754 1056 caram
771 1011 911 1068 monim,
929 1009 1006 1072 quos
1021 997 1086 1052 tom

37 1089 71 1144 12
79 1076 191 1156 cupide
206 1076 392 1156 reliquisset.
408 1075 557 1138 Remansit
571 1081 658 1156 igitur
669 1077 764 1139 Rhodi
780 1086 881 1138 contra
897 1076 1082 1153 voluntatem,
1094 1087 1121 1129 10
1214 1041 1218 1142 1

28 1222 53 1250 Ὑί
78 1164 128 1222 vix
144 1175 201 1240 'per
215 1169 333 1221 matrem
345 1168 529 1239 consecutus,
541 1170 572 1221 ut
586 1161 622 1223 ad
639 1161 791 1222 velandam
807 1159 990 1238 ignominiam
1002 1163 1085 1240 quasi
1165 1224 1168 1230 ,

78 1244 192 1323 legatus
210 1243 342 1322 Augusto
361 1243 489 1305 abesset.

140 1327 296 1389 Enimvero
313 1336 381 1388 tunc
396 1346 453 1388 non
474 1329 614 1408 priuatum
636 1330 737 1408 modo,
761 1328 912 1389 sedetiam
929 1327 1085 1389 obnoxium
1214 1229 1218 1446 Ι

80 1421 109 1474 et
122 1411 265 1492 trepidum
280 1414 357 1490 egit,
373 1411 593 1474 mediterraneis
608 1417 686 1490 agris
703 1413 815 1474 abditus
830 1415 982 1491 vitansque
998 1429 1083 1491 prae·

78 1497 319 1574 ternavigantiunr
331 1497 439 1573 cilicia,
456 1496 559 1576 quibus
574 1497 812 1576 frequentabatur
828 1496 953 1574 assidue,
969 1497 1082 1557 nemine
1093 1509 1119 1551 1⁵

79 1599 143 1642 cnm
160 1582 283 1660 imperio
299 1590 348 1642 aut
363 1582 533 1660 magistratu
553 1581 690 1642 tendente
706 1599 848 1662 quoquam
866 1583 933 1661 quin
948 1579 1082 1641 deverte-

77 1673 124 1725 ret
141 1664 283 1726 Rhodum.
327 1665 365 1728 llt
385 1675 574 1726 accesserunt
593 1668 710 1726 maioris
740 1665 939 1727 sollicitudinis
966 1682 1082 1726 causae.

76 1747 207 1829 Namque
227 1751 390 1830 privignum
406 1748 505 1811 Gaium
521 1748 630 1811 Orienti
654 1751 865 1830 praepositum,
889 1767 952 1809 oum
969 1748 1083 1808 visendi

77 1835 171 1911 gratia
186 1836 349 1897 traiecisset
364 1835 486 1912 Sanun,
500 1834 666 1896 alieniorem
682 1835 736 1895 sibi
751 1837 842 1895 sensit
857 1852 894 1894 ex
910 1834 1081 1893 criminatio·

77 1917 161 1978 nibus
174 1917 213 1979 Μ.
227 1918 302 1980 Lolli
323 1921 436 1981 comitis
458 1928 488 1978 et
508 1922 632 1980 rectoris
654 1921 725 1980 eins.
769 1919 859 1979 Venit
877 1918 962 1977 etiam
984 1919 1013 1976 in
1035 1933 1117 1976 sum

78 2003 246 2082 spitionem,
264 2021 319 2082 per
336 2002 474 2082 quosdam
488 2001 623 2062 beneficii
637 2008 679 2064 sui
695 2004 906 2065 centurionesa
922 2009 1083 2062 commeatu

78 2095 174 2146 castra
190 2089 352 2163 repetentis
367 2087 499 2147 mandata
517 2085 552 2146 ad
572 2087 737 2166 complures
760 2085 876 2146 dedisse
897 2085 1030 2163 ambigua
1051 2093 1083 2156 et

78 2179 151 2246 quae
173 2177 316 2248 temptare
338 2171 516 2249 singulorum
539 2171 649 2230 animos
669 2172 705 2232 ad
725 2189 817 2232 novas
839 2188 888 2230 res
904 2170 1081 2230 viderentur.

76 2252 121 2311 De
138 2269 193 2331 qua
210 2254 375 2331 suspicione
400 2256 508 2314 certior
529 2253 564 2314 ab
580 2254 713 2332 Augusto
735 2256 846 2331 factus,
872 2270 930 2314 nou
954 2255 1082 2314 cessavit

78 2335 241 2412 eillagitare
264 2337 388 2416 aliquem
410 2336 563 2397 cuiuslibet
584 2338 692 2399 ordinis
717 2338 867 2399 custodem
887 2338 972 2399 iactis
994 2345 1115 2426 atquem

35 2419 162 2480 13dictis
179 2422 248 2481 suis.
292 2421 369 2500 Equi
389 2417 511 2502 quoque'
525 2429 554 2480 et
576 2440 718 2483 armorum
736 2421 836 2483 solitas
852 2422 1080 2482 exercitationes

78 2506 173 2566 omisit
186 2504 359 2585 redegitque
375 2524 425 2582 se,
451 2505 586 2585 deposito
607 2509 701 2586 patrio
724 2505 837 2582 babitu,
860 2505 894 2565 ad
917 2505 1035 2584 pallium
1052 2513 1083 2564 et

78 2588 228 2668 crepidas,
245 2599 330 2668 atque
345 2591 374 2649 in
389 2589 439 2650 tali
454 2598 528 2650 statu
543 2590 659 2651 biennio
676 2593 740 2652 iere
755 2590 926 2671 permansit,
953 2599 1079 2649 coutem-

77 2675 134 2732 tior
152 2673 180 2730 in
193 2672 255 2732 dies
274 2683 303 2732 et
323 2674 458 2751 invisior,
484 2674 557 2735 adeo
568 2683 608 2743 ut
623 2677 763 2754 imagines
779 2675 841 2734 eius
855 2682 885 2734 et
899 2681 1007 2734 statuas
1021 2671 1079 2732 Ne·

77 2773 245 2816 mausenses
261 2756 469 2834 subverterint,
494 2776 529 2819 ac
546 2759 678 2821 familiari
694 2758 835 2838 quondam
851 2759 985 2841 convivio
999 2775 1077 2817 men·
1088 2776 1115 2818 so

77 2841 156 2898 tione
172 2839 233 2900 eius
249 2849 326 2917 orta,
350 2841 476 2901 extiterit
492 2843 539 2922 qui
554 2843 625 2905 (laio
640 2844 845 2924 polliceretur,
867 2842 1020 2903 confestim
1034 2859 1078 2917 se,

78 2925 102 2982 si
124 2922 253 3000 iuberet,
272 2923 403 3003 Rhodum
423 2927 622 3004 nauigaturum
645 2936 788 3008 caputque
809 2925 903 2987 exulis
926 2927 985 3006 (sic
1004 2927 1080 2985 enlm

78 3004 296 3086 appellabatur)
310 3007 474 3069 relaturum.
519 3011 582 3086 Quo
600 3013 758 3091 praecipue
779 3028 836 3070 non
858 3012 913 3070 iam
932 3018 1009 3070 metu
1026 3009 1080 3068 sed

77 3090 242 3151 discrimine
266 3102 384 3153 coactus
405 3103 464 3170 est,
486 3103 542 3154 tam
565 3099 623 3155 suis
645 3113 728 3175 quam
749 3097 847 3154 matris
869 3093 1078 3174 inpensissimis

76 3174 214 3254 precibus
228 3175 351 3253 reditum
365 3177 563 3256 expostulare,
575 3179 808 3258 impetravitque,
824 3178 935 3238 adiutus
951 3174 1077 3256 aliqnanss
1088 3177 1136 3254 ab„

75 3261 233 3320 tumeliam
249 3278 328 3323 casu.
370 3260 549 3321 Destinatum
564 3261 696 3340 Augusto
711 3273 788 3339 erat,
804 3262 874 3323 nibil
890 3279 978 3341 snper
993 3279 1027 3320 ea
1045 3278 1133 3344 re
1187 3322 1191 3337 ,

75 3342 130 3402 nisi
146 3362 184 3403 ex
199 3345 347 3406 voluntate
362 3346 478 3406 maioris
493 3344 534 3404 lili
550 3355 691 3416 statuere3
713 3347 738 3406 is
752 3346 829 3407 iorte
844 3355 912 3406 tunc
929 3345 968 3406 ll.
984 3344 1078 3405 Lollio
1105 3340 1110 3349 ⁹

76 3425 232 3508 offensior,
249 3429 343 3490 facilis
361 3427 577 3508 exorabilisque
592 3431 622 3490 in
638 3433 770 3512 uitricum
784 3430 846 3490 luit.
890 3430 1079 3493 Permittentes
