2412 3876
239 241 372 290 LXXXVI
574 238 783 288 PRAEFATIO.

240 415 301 458 cum
312 399 378 472 ipso
396 397 505 455 nomine
521 414 554 453 ea
568 413 638 468 quae
653 398 687 454 ad
702 413 790 467 genus
803 398 980 454 Annaeorum
995 395 1139 469 ipsiusque

240 489 341 555 poetas
357 488 475 539 aetatem
491 483 647 537 accuratius
665 481 846 538 deliniendam
858 481 1052 553 pertinebant,
1069 497 1138 552 quae

241 565 369 622 consulto
384 563 554 621 scholiastcn
568 564 697 621 omisisse
713 565 891 636 crediderim,
908 567 1054 638 postquam
1070 566 1138 621 alte-

239 666 298 704 ram
312 649 396 704 vitam
413 647 598 720 quaeVaccae
615 649 703 702 iertnr
718 647 854 718 integram
868 642 1074 722 perscripsitw)
1089 649 1138 703 bas

239 749 285 788 res
302 730 515 803 diligentissime
531 735 700 787 exsecutam.
727 729 792 787 'lum
807 731 834 786 iu
850 729 1055 802 posterioribus
1071 745 1139 800 quo-

240 832 294 887 qne
310 815 441 870 nonnulla
462 814 550 869 minus
572 814 693 884 levigata
715 821 794 883 sunt,
812 820 841 869 nt
860 811 977 885 pristina
1000 812 1138 894 eiegpntin

241 897 392 956 omittendo
410 897 655 968 contrabendcque
671 899 818 953 obscurata
842 912 906 952 esse
922 895 1058 951 videatur.
1104 895 1138 950 m

177 1003 178 1006 ¹
241 1001 268 1055 p.
284 987 352 1051 299,
366 985 399 1038 21
419 997 473 1036 uon
489 979 659 1037 scholiastae
675 979 803 1046 consilio,
821 979 871 1035 scd
886 978 994 1034 librarii
1009 978 1091 1049 lapsu
1106 996 1138 1034 ea
1199 1021 1200 1028 ι

242 1064 384 1120 excidisse
399 1070 515 1136 apparet
527 1079 598 1134 quae
610 1064 645 1119 de
662 1063 727 1133 iuga
740 1062 842 1118 Lucani
859 1068 887 1116 et
900 1061 1000 1117 itinere
1014 1060 1137 1118 Athenas

197 1197 202 1206 .
242 1149 316 1205 iacto
332 1147 488 1218 studiisque
503 1145 699 1218 philosophiae
715 1145 818 1218 scripta
838 1145 958 1200 luerunt.

300 1231 376 1287 Haec
398 1229 454 1285 vita
476 1236 540 1301 post
561 1229 710 1285 editionem
731 1229 885 1302 principem
907 1245 932 1283 a.
950 1233 1017 1288 1475
1040 1228 1139 1284 iactam

239 1313 324 1370 toties
336 1330 396 1370 cum
412 1312 512 1368 Lucani
529 1313 649 1368 carmine
662 1313 773 1383 vulgata
791 1319 843 1381 est,
858 1318 889 1366 ut
905 1327 972 1368 sane
987 1310 1140 1368 mirandum

240 1397 278 1452 sit
295 1402 322 1452 et
338 1395 511 1466 Scaligerum
531 1395 627 1452 formis
652 1411 705 1450 nou
722 1412 852 1452 excusam
876 1395 1018 1466 putavisse
1043 1400 1071 1449 et
1087 1393 1140 1450 Ca-

240 1481 391 1536 saubouum
413 1480 552 1535 secundae
567 1494 634 1534 suae
658 1473 826 1552 editiouiil),
839 1479 981 1534 addidisse
1003 1483 1139 1549 tamquam

239 1557 423 1636 ineditamffl).
470 1561 573 1634 Scripti
597 1561 663 1617 libri
682 1561 802 1633 inspecti
823 1569 887 1617 sunt
901 1561 988 1618 adbuc
1003 1562 1068 1617 Vill
1088 1576 1139 1616 nu-

238 1661 332 1715 mero,
348 1661 463 1718 quorum
479 1644 537 1700 bini
551 1647 657 1701 Bernae
675 1651 703 1700 et
717 1643 846 1714 Parisiis,
861 1644 965 1716 singuli
979 1645 1139 1716 llontepes·

238 1728 293 1786 suli
306 1727 440 1788 cassellis
455 1727 577 1784 berolini
591 1735 781 1798 asservantur,
797 1745 865 1784 unns
882 1727 1016 1783 incertum
1033 1728 1081 1783 ubi
1097 1728 1138 1782 la-

237 1841 440 1856 w

306 1905 353 1972 78)
373 1905 493 1973 Superest
512 1909 566 1958 eius
584 1909 686 1974 generis
703 1907 785 1958 codex
801 1907 937 1956 Beruensis
952 1905 1003 1957 370
1019 1906 1138 1970 idemque

236 1976 349 2029 omnium
367 1975 594 2026 emendatissimus.
630 1978 660 2026 lu
684 1990 713 2026 eo
732 1977 799 2024 enim
814 1983 872 2040 post
887 1975 1036 2026 vocabulum
1051 1989 1139 2024 acces-

236 2048 283 2106 sio,
298 2044 367 2108 quod
382 2043 496 2094 ultimum
511 2051 549 2093 est
564 2043 631 2093 vitae
647 2044 760 2093 aVacea
775 2043 938 2108 conscriptae,
957 2043 1077 2092 continuo
1097 2058 1138 2093 se·

237 2121 348 2178 quantur
361 2113 449 2160 Prima
465 2113 558 2176 inpertit
571 2119 617 2162 etc.
639 2112 745 2177 parvulo
764 2112 850 2162 relicto
867 2111 998 2162 intervallo
1017 2110 1139 2173 medioque

237 2180 310 2232 titulo
321 2179 478 2242 interposito.

305 2245 353 2310 79)
374 2248 406 2298 Α.
433 2246 506 2296 1616.
543 2247 593 2298 Sed
616 2249 667 2298 iam
683 2263 707 2297 a.
728 2247 794 2300 1596
811 2255 953 2313 acceperat,
973 2246 1138 2296 aTbeodoro

237 2315 344 2368 cantero
365 2313 526 2366 Ultraiectino
551 2333 564 2365 e
582 2317 661 2367 veteri
682 2317 767 2367 codice
787 2316 954 2380 descriptam,
975 2315 1021 2365 cir.
1042 2315 1139 2366 Gasan-

236 2380 296 2436 boni
321 2382 442 2448 epistolae
463 2400 489 2450 p.
512 2383 563 2435 646
581 2385 672 2442 Almel.
698 2385 765 2448 quod
782 2385 924 2450 exemplum
941 2383 1139 2433 Almeloveeuus

237 2451 270 2504 ad
286 2450 402 2517 vulgatas
419 2451 541 2502 editiones
563 2453 699 2503 refluxisse
712 2453 819 2503 videtur.
854 2451 1018 2516 Desumptam
1039 2453 1140 2502 atian-

236 2518 334 2576 laroc.
352 2519 392 2568 nr.
409 2519 503 2570 Weber
525 2522 675 2587 opinabatur
690 2537 723 2571 ex
741 2521 825 2584 ulique
842 2521 981 2584 priscarum
998 2521 1140 2570 editionum

236 2602 294 2641 cum
310 2587 401 2652 quibus
419 2587 541 2638 nonnulla
564 2590 706 2640 communia
722 2589 810 2649 hebet,
833 2596 860 2638 ut
878 2603 903 2654 p.
923 2588 988 2649 299,
1011 2588 1043 2638 15
1059 2588 1140 2638 inter-

215 2657 321 2724 ‘polata
340 2656 416 2706 verba
431 2657 478 2718 Qut
493 2663 579 2708 tantae
598 2659 706 2708 lenitatis
725 2665 751 2706 et
766 2658 940 2706 immoderatae
957 2659 1056 2720 linquae
1077 2657 1138 2718 fait.

237 2728 270 2776 At
293 2724 382 2774 eadem
408 2723 485 2774 verba
506 2723 677 2776 Berolineusls
703 2739 802 2789 quoque
825 2725 889 2774 liber
913 2725 1000 2784 habam
1023 2731 1047 2774 et
1075 2723 1140 2774 haec

235 2801 302 2844 certe
318 2807 344 2856 p.
359 2791 411 2844 299
417 2827 425 2853 ,
441 2793 473 2842 12
492 2791 531 2841 Μ.
548 2794 668 2844 Annaeus
685 2795 804 2842 Lucanas
821 2793 1000 2852 cordubam,
1020 2791 1051 2842 21
1072 2795 1138 2855 mm,

236 2877 263 2928 p.
279 2859 339 2919 300,
358 2859 371 2906 1
385 2861 549 2922 permutatam,
567 2859 583 2912 3
599 2865 659 2923 saia,
676 2862 691 2912 5
710 2877 766 2924 sqq.
796 2861 916 2912 Poemata
931 2863 1003 2912 etiam
1018 2863 1073 2912 eiua
1087 2869 1137 2914 etc.

235 2929 322 2991 ntique
346 2927 491 2994 inscriptis
512 2929 583 2980 libris
600 2938 713 2996 reperta,
737 2943 811 2980 nemo
832 2929 978 2994 typothetae
999 2929 1139 2980 tradiderat

234 3003 293 3046 aute
309 2993 492 3045 Gasaubonum.
529 2997 648 3048 Dubitare
666 2997 744 3064 igitur
759 2997 810 3048 noli
828 2999 889 3062 quin
905 2997 990 3058 codice
1006 3012 1054 3050 ms.
1070 2998 1139 3050 cau-

234 3072 304 3114 tems
322 3075 384 3113 usna
402 3064 449 3125 sit,
468 3071 493 3114 et
509 3064 553 3114 tali
571 3066 672 3128 quidem
691 3066 734 3130 qul
751 3065 946 3116 adBerneuseuu
963 3066 998 3116 45
1019 3065 1139 3131 proxime

234 3129 382 3192 accedebat,
399 3130 445 3183 cir.
461 3147 487 3198 p.
506 3131 565 3192 299,
582 3133 616 3183 20
634 3133 683 3184 Hic
700 3138 726 3184 in
743 3136 828 3196 initio,
852 3135 883 3184 21
899 3137 980 3200 nepe,
994 3147 1021 3201 p.
1040 3132 1105 3196 300,
1122 3137 1139 3186 2

233 3199 313 3250 libero
325 3199 444 3262 arbitrio,
465 3200 482 3250 b
496 3202 568 3250 etiam
581 3203 641 3251 eius.

302 3265 347 3328 80)
365 3268 476 3318 Primam
491 3268 525 3318 ed
535 3277 633 3319 vetusta
648 3271 764 3337 exemplo
776 3272 915 3322 accessisse
925 3271 1060 3337 Hagonem
1072 3269 1139 3321 Gro-

233 3335 298 3386 tlntn
315 3335 396 3393 video,
417 3337 460 3400 qui
482 3337 509 3386 in
524 3351 570 3385 sna
587 3337 697 3388 editione
712 3355 736 3388 a.
757 3339 825 3390 1614
846 3340 939 3390 antisse
958 3338 1139 3392 casaubonum

234 3401 347 3466 alloquin
364 3403 493 3466 reiereus,
520 3405 592 3454 urrais
615 3419 645 3454 ea
662 3407 761 3456 inclusit
780 3422 845 3470 qnae
863 3408 894 3456 ab
912 3407 1023 3472 antiquis
1042 3407 1139 3459 editio·

233 3469 309 3520 albus
325 3472 414 3523 abesse
430 3471 649 3524 animadverterat.
