2444 3872
116 189 159 248 74
203 200 399 272 capsacem
417 201 545 264 roano.
560 201 607 248 ou
625 202 707 248 vna
725 199 907 248 omassum
923 199 991 247 um.
1008 198 1045 247 11.

115 353 265 414 stellarum
282 354 418 416 caelestis
437 374 537 432 ursae,
554 355 606 416 scd
622 364 651 414 et
670 354 753 416 callis
769 352 954 433 quibusdam,
974 370 1012 412 cx
1026 366 1120 432 prurt·

112 439 184 514 gine
207 439 342 516 corporis
365 439 542 518 adsiduoque
562 447 592 499 et
611 439 774 500 vehementi
796 437 916 514 strigilis
932 455 985 496 usu
1000 436 1118 514 plurila·
1209 509 1210 512 Ἴ

115 523 187 582 riam
208 523 353 582 concretis
375 523 411 583 ad
425 523 604 601 impetiginis
615 523 745 584 forman
778 519 947 582 Ooxendice
961 529 989 581 et
1004 519 1118 580 temore

114 614 146 664 et
163 622 247 664 crure
264 605 381 665 sinistro
397 623 455 666 non
473 606 593 685 perinde
612 605 741 683 valebat,
759 613 788 665 ut
804 623 894 683 saepe
909 604 994 664 etiam
1008 603 1118 664 inclau-

116 687 241 757 dicaret;
263 687 317 749 sed
334 689 469 772 remedio
478 689 653 774 harenarum
668 699 770 770 atque
767 687 953 748 harundinum
967 687 1118 748 confirma·
1107 711 1143 754 ·s

115 772 209 832 batur.
234 771 363 832 Dextrae
383 767 499 852 quaque
520 790 621 834 manus
640 765 770 849 digitum
781 763 936 832 salutarem
956 779 1012 830 tam
1027 769 1117 832 inbe·
1209 845 1210 852 ἵ

116 856 212 916 cillnn
226 855 366 916 interdum
379 856 530 934 sentiebat,
543 866 572 916 ut
583 865 747 934 torpentem
757 863 992 933 contractumque
1004 854 1118 932 frigore
1208 855 1210 890 l

114 940 164 998 vix
180 941 281 1000 cornei
297 941 397 1000 circuli
407 940 609 1038 supplemento
620 941 780 1018 scripturae
793 939 972 1000 admoveret
990 937 1118 1012 Questus

115 1033 161 1083 est
183 1022 267 1083 etde
288 1026 401 1100 vesica,
427 1025 508 1084 cuius
529 1023 633 1085 dolore
656 1021 776 1084 calculis
798 1022 909 1084 demun
931 1039 985 1100 per
1006 1023 1118 1084 urinam

116 1109 218 1166 eiectis
233 1105 394 1168 levabatur.
1126 1129 1152 1173 ιι

68 1197 103 1250 81
179 1189 291 1252 Graves
313 1198 342 1248 et
363 1189 549 1289 periculosas
566 1191 737 1252 valitudines
762 1208 815 1269 per
837 1205 950 1250 omnem
965 1187 1117 1248 vitamali·

114 1282 185 1352 quot
206 1281 345 1352 expertus
366 1281 425 1342 est;
449 1275 607 1354 praecipue
629 1273 782 1336 Cantabria
803 1272 924 1348 domita,
948 1290 1011 1332 cum
1031 1274 1117 1332 etiam

24 1365 26 1368 ’
113 1356 383 1418 distillationibus
374 1358 505 1417 iocinere
533 1361 633 1420 vitiato
656 1358 692 1422 ad
712 1357 947 1436 desperationem
969 1354 1116 1431 redactus,

11 1449 12 1453 ’
114 1441 287 1501 contrariam
310 1448 345 1500 et
358 1442 511 1519 ancipitem
526 1445 667 1502 rationem
681 1440 812 1504 medendi
827 1439 995 1500 necessario
1012 1437 1116 1502 subiit:

114 1525 179 1604 quia
201 1523 294 1586 calida
313 1525 440 1586 tomenta
460 1541 519 1584 non
540 1526 710 1609 proderant,
736 1523 851 1602 frigidis
877 1525 970 1584 cirrari
994 1531 1151 1594 conctusa

114 1616 233 1669 auctore
246 1607 375 1668 Antonio
390 1607 481 1670 llnsa

175 1691 319 1766 Quasdam
339 1701 368 1751 et
389 1692 601 1755 anniversarias
622 1711 658 1754 ao
678 1702 811 1772 tempore
829 1700 910 1751 certo
929 1699 1115 1752 recurrentes

114 1775 333 1854 experiebatur;
356 1793 421 1836 nan
440 1775 493 1836 sub
514 1776 640 1838 natalem
656 1795 737 1837 suun
755 1775 924 1855 plerunque
940 1773 1114 1851 langueton

104 1869 143 1920 ¹ot
158 1861 238 1920 initio
254 1860 331 1919 reris
348 1859 588 1938 praecordiorum
599 1861 750 1922 inflatione
762 1858 964 1938 temptabatur,
979 1858 1115 1918 austrinis

113 1953 207 2005 auten
232 1943 451 2022 tempestatibus
475 1944 644 2021 gravedine
691 1945 787 2019 Quare
815 1950 950 2021 quassato
974 1958 1152 2020 corpore,so

52 2040 207 2106 flauaque
215 2027 332 2124 ,frigora
347 2045 441 2105 neque
458 2035 555 2088 aestus
570 2026 659 2088 facile
674 2025 827 2088 tolerabat.
853 2025 953 2086 Hieme
967 2027 1115 2112 quaternis

114 2129 177 2170 cum
194 2111 293 2189 pingui
310 2119 380 2186 toga
395 2111 501 2172 tunicis
513 2119 542 2170 et
557 2111 697 2172 subucula
710 2121 739 2172 et
752 2110 873 2172 thorace
890 2110 975 2170 laneo
992 2117 1021 2168 et
1032 2104 1114 2168 temi-

111 2193 224 2267 nalibus
239 2201 269 2252 et
283 2193 427 2254 tibialibus
441 2193 636 2271 muniebatur,
652 2203 762 2256 aestate
780 2195 889 2273 apertis
905 2191 1028 2253 cubiculi
1043 2192 1114 2252 lori-

111 2277 181 2354 bus,
204 2294 239 2336 ac
261 2293 351 2356 saepe
370 2279 399 2339 ia
420 2278 563 2356 peristylo
585 2277 707 2340 saliente
728 2294 802 2357 aqua
818 2285 904 2356 atque
919 2277 1003 2336 etiam
1022 2277 1113 2336 venti·

110 2361 189 2420 laute
211 2359 308 2438 aliquo
331 2359 462 2422 cubabat.
495 2360 574 2422 Solis
589 2379 662 2422 vero
679 2381 716 2422 ae
731 2361 843 2422 hiberni
857 2360 972 2440 quidem
990 2361 1152 2438 patiensas

111 2445 187 2505 domi
211 2461 326 2523 quoque
347 2446 460 2505 nonnisi
475 2453 623 2524 petasatus
638 2444 692 2506 sub
707 2445 776 2507 divo
789 2443 976 2524 spatiabatur.
1005 2442 1114 2504 ltinera

110 2529 217 2589 lectica
237 2536 267 2586 et
285 2529 420 2589 noctibus
439 2528 519 2606 lere,
541 2547 633 2608 eaque
654 2529 731 2591 lenta
747 2547 782 2590 ac
799 2529 904 2589 minuta
919 2526 1061 2604 iaciebat,
1083 2536 1114 2587 ut

109 2611 269 2671 Praeneste
292 2611 340 2671 vel
356 2613 444 2672 Tibur
463 2612 552 2673 biduo
575 2614 768 2692 procederet;
778 2684 780 2688 ¹
791 2630 827 2673 ac
843 2613 868 2672 si
883 2629 940 2691 quo
956 2613 1113 2691 pervenire

108 2695 180 2752 mari
203 2703 320 2771 posset,
342 2697 439 2773 potius
458 2696 623 2795 navigabat
658 2700 768 2758 Verum
792 2705 899 2757 tantam
921 2696 1114 2756 infirmitatem

109 2794 215 2854 magna
239 2793 307 2837 cura
321 2777 468 2856 tuebatur,
491 2781 520 2839 iu
537 2781 638 2858 prinis
652 2781 766 2843 lavandi
781 2781 898 2841 raritate
914 2778 1113 2860 (unguebatur
1123 2797 1154 2841 ao

110 2861 186 2920 enin
209 2859 368 2938 saepius).
385 2861 444 2922 Aut
460 2825 585 2924 ’sudabat
604 2863 640 2926 ad
660 2865 812 2943 dannan,
834 2862 938 2926 deinde
957 2860 1112 2942 pertunde·

109 2944 193 3004 batur
218 2942 334 3019 egelida
357 2962 430 3024 aqua
454 2947 502 3006 vel
523 2947 589 3008 sole
608 2948 696 3009 multo
718 2947 881 3033 tepefacta;
908 2957 956 3008 aut
978 2947 1138 3034 quotiens

109 3043 266 3086 nervorum
291 3045 379 3088 causa
403 3031 520 3089 marinis
548 3030 710 3111 albulisqne
736 3030 836 3092 calidis
854 3011 1092 3091 stutendum
1021 3030 1140 3108 essct,

111 3118 263 3170 contentus
280 3110 338 3172 boc
351 3121 414 3174 erat
428 3121 458 3172 ut
474 3112 603 3184 insidens
618 3113 717 3192 ligneo
734 3115 820 3191 solio,
837 3113 937 3194 quod
929 3132 994 3194 ipse
1008 3112 1112 3192 llispa-

33 3216 38 3220 ·
108 3195 175 3253 nico
192 3192 283 3256 verbo
299 3194 427 3256 duretan
438 3196 572 3275 vocabat,
588 3215 686 3258 manus
698 3215 733 3258 ac
744 3199 836 3278 pedes
849 3198 967 3260 alternis
978 3199 1111 3257 iactaret
1122 3216 1154 3260 as

66 3285 103 3343 83
193 3277 428 3340 Exercitationes
448 3289 626 3360 campestres
649 3298 788 3359 equorum
809 3290 837 3342 et
858 3298 1000 3342 armorum
1016 3280 1114 3341 statim

110 3369 178 3438 post
204 3361 299 3423 civilia
324 3360 402 3425 bella
427 3365 523 3424 omisit
549 3373 578 3423 et
605 3364 640 3424 ad
661 3365 747 3444 pilam
776 3367 869 3444 prino
891 3364 1113 3442 folliculumque

109 3445 235 3522 transiit,
255 3463 324 3506 nox
339 3445 408 3507 ntltt
426 3446 502 3507 aliud
517 3465 601 3525 quam
615 3447 783 3509 vectabatur
798 3457 827 3509 et
842 3447 1055 3527 deambulabat,
1070 3451 1115 3510 ita

1208 1991 1210 2048 l

1209 2049 1210 2096 l
