2438 3872
136 178 201 241 212
224 188 254 237 c.
271 187 421 236 sunnour
433 187 561 246 ranno.
575 187 622 234 on
634 188 719 235 vrnn
731 188 914 237 causacum
926 189 996 235 nnn.
1008 189 1070 236 vn.

109 366 128 426 ⁷
203 343 278 406 Dein
290 352 432 421 vergente
445 346 502 404 iam
513 343 560 402 die
571 345 722 420 ingressus
737 353 878 422 senatum,
891 347 1046 423 positaque
1059 343 1143 404 breri

138 430 251 488 ratione
266 429 348 506 quasi
360 437 460 506 raptus
474 426 510 486 de
524 427 641 506 publico
655 437 684 489 et
696 429 849 506 suscipere
860 430 1012 506 imperium
1026 429 1055 488 vi
1075 446 1141 488 coa·

140 522 204 573 ctus
219 521 415 590 gesturusque
434 513 577 572 communi
593 513 718 572 omnium
736 511 873 590 arbitrio,
893 512 1034 573 Palatium
1058 515 1141 592 petit.

139 597 185 656 Ac
197 613 287 676 super
298 604 414 656 ceteras
425 596 629 675 gratulantium
641 595 872 676 adulantiumque
884 594 1037 657 blanditias
1050 596 1087 656 ab
1098 598 1140 655 in-

139 683 206 741 tima
218 680 308 760 plebe
321 681 487 760 appellatus
498 679 595 756 Nero,
608 681 715 741 nullum
730 680 864 740 indicium
876 683 1039 743 recusantis
1050 679 1165 756 dedit,⁵

139 768 245 842 burno,
259 774 290 824 ut
305 764 420 844 quidam
441 764 634 842 tradiderunt,
656 768 741 826 etiam
758 763 963 844 diplomatibus
983 767 1141 843 primisque

141 849 275 929 epistulis
293 852 353 910 suis
365 848 400 911 ad
413 849 554 927 quosdam
568 852 780 929 provinciarum
793 848 943 928 praesides
954 847 1081 909 Neronis
1090 866 1140 907 co-

140 950 267 1012 gnomen
280 933 395 994 adiecit.
418 931 506 995 Certe
519 942 548 994 et
559 937 701 1012 imagines
709 941 875 1012 statuasque
884 935 947 993 eius
957 934 1061 1012 reponi
1074 949 1140 1011 pas-

140 1037 191 1078 sus
207 1026 294 1079 estet
310 1027 519 1098 procuratores
532 1027 617 1098 atque
633 1019 754 1078 libertos
771 1017 806 1077 ad
823 1016 925 1077 eadem
943 1018 1041 1078 officia
1054 1033 1141 1078 reru·

141 1105 229 1179 cavit,
240 1121 296 1163 nec
309 1103 462 1182 quicquam
474 1103 554 1182 prius
567 1121 621 1182 pro
633 1110 779 1182 potestate
787 1101 959 1181 subscripsit
967 1119 1051 1181 quam
1059 1103 1178 1180 quin-10

141 1189 257 1262 genties
269 1189 435 1246 sestertium
449 1186 484 1246 ad
498 1186 694 1267 peragendam
706 1186 832 1246 Auream
844 1185 967 1247 domurn.
1065 1207 1067 1212 ’

201 1269 316 1330 Dicitur
330 1288 365 1330 ea
378 1280 530 1350 nocteper
544 1273 670 1350 quietem
681 1271 852 1350 pavefactus
863 1273 988 1348 gemitus
1001 1271 1143 1330 maximos

141 1354 287 1429 edidisse,
303 1364 497 1434 repertusque
510 1373 528 1415 a
542 1355 781 1415 concursantibus
800 1354 876 1414 humi
893 1364 959 1414 ante
977 1355 1083 1414 lectum
1101 1355 1142 1412 ia-

142 1456 229 1515 cens,
244 1455 298 1517 per
310 1441 405 1499 omnia
418 1439 597 1518 piaculorum
608 1457 718 1516 genera
729 1439 831 1500 Manes
843 1439 968 1516 Galbae,
985 1457 1001 1499 a
1021 1456 1078 1517 quo
1091 1437 1141 1497 de·

141 1523 250 1585 turbari
262 1524 432 1603 expellique
447 1543 480 1583 se
491 1523 620 1602 viderat,
638 1525 796 1604 propitiare
810 1531 984 1602 temptasse;
1001 1521 1142 1600 postridie
1152 1531 1178 1570 1⁵

142 1625 259 1688 quoque
271 1610 300 1668 in
312 1608 479 1686 augurando
487 1617 659 1688 tempestate
668 1617 731 1666 orta
742 1609 871 1687 graviter
880 1607 1048 1686 prolapsum
1061 1604 1141 1664 iden·

141 1692 229 1753 tidem
241 1691 491 1754 obmurmurasse:
521 1731 522 1736 κ
1209 1687 1210 1718 ³

179 1830 183 1835 ,
253 1776 296 1838 Τι’
306 1768 370 1856 γάρ
381 1796 438 1856 μοι
450 1769 506 1838 καὶ
517 1783 657 1855 μακροῖς
669 1765 783 1846 αὐλοῖς
794 1799 803 1851 ;
920 1838 930 1845 ,

113 1878 131 1932 3
203 1861 262 1921 Sub
280 1861 356 1921 idem
373 1879 445 1920 vero
462 1871 575 1940 tempus
596 1860 806 1922 Germaniciani
824 1861 970 1920 exercitus
992 1861 1021 1919 iu
1039 1857 1142 1918 Vitelli

142 1945 232 2006 verba
245 1948 380 2006 inrorant.
420 1944 505 2018 Quod
517 1954 546 2004 ut
558 1947 709 2023 comperit,
723 1952 825 2004 auctor
836 1945 949 2003 senatui
959 1944 1013 2004 fuit
1028 1943 1142 2003 mitten·
1151 1960 1178 2002 ao

143 2030 197 2090 dae
212 2029 379 2107 legationis,
394 2047 468 2106 quae
481 2028 602 2090 doceret
614 2029 739 2088 electum
753 2031 810 2088 iam
820 2029 1000 2107 principem,
1013 2029 1144 2107 quietem

143 2123 173 2173 et
190 2112 377 2174 concordiam
390 2113 539 2182 suaderet;
563 2123 592 2172 et
604 2122 698 2172 tamen
711 2131 764 2190 per
778 2112 969 2171 internuntios
981 2129 1017 2188 ac
1028 2111 1142 2171 litteras

143 2205 310 2258 consortem
321 2198 434 2277 imperii
443 2215 640 2276 generumque
648 2195 807 2256 seVitellio
817 2194 930 2273 optulit
947 2195 1057 2254 Verum
1066 2193 1143 2253 baud

142 2280 229 2341 dubio
244 2279 357 2356 bello,
349 2299 462 2359 namque
475 2280 596 2340 ducibus
608 2289 637 2338 et
649 2281 742 2358 copiis
755 2297 826 2358 quas
832 2277 969 2342 Vrtellrus
982 2278 1142 2377 praemise-

141 2375 186 2428 rat
198 2365 506 2464 appropinquantibus,
519 2365 640 2424 animum
653 2364 796 2442 fidemque
810 2381 881 2440 erga
892 2381 925 2422 se
942 2363 1143 2442 praetoriano·
1153 2381 1179 2422 rs

141 2469 203 2511 rum
216 2467 311 2531 paene
324 2450 522 2509 internecione
535 2448 703 2526 amplissimi
716 2447 825 2509 ordinis
838 2457 979 2526 expertus
991 2457 1046 2508 est.
1078 2446 1144 2507 Pla·

143 2545 243 2596 cuerat
257 2552 310 2615 per
328 2533 494 2594 classiarios
510 2549 590 2594 arma
605 2533 756 2602 transferri
771 2533 935 2610 remittique
949 2531 1088 2606 naribus;
1108 2550 1146 2592 ea

144 2622 248 2680 cumin
265 2619 369 2684 castris
382 2617 436 2678 sub
447 2627 564 2678 noctem
571 2626 781 2696 promerentur,
793 2614 912 2676 insidias
924 2616 1040 2696 qurdam
1047 2633 1145 2695 suspr
1209 2669 1210 2694 ,

144 2705 199 2765 cati
211 2702 359 2763 tumultum
374 2703 588 2772 excitaverunt;
602 2719 637 2760 ac
649 2710 772 2780 repente
780 2700 967 2761 omnesaullc
975 2709 1060 2761 certo
1067 2699 1146 2760 duce

142 2789 172 2846 in
185 2786 324 2848 Palatium
342 2794 531 2846 cucurrerunt
552 2785 672 2846 caedem
681 2795 799 2847 senatus
810 2783 987 2863 flagitantes,
999 2783 1144 2862 repulsis·
1155 2806 1181 2848 ao

143 2888 199 2970 que
212 2869 399 2948 tribunorum,
415 2889 462 2950 qur
455 2869 604 2930 inhibere
616 2869 804 2949 temptabant,
817 2869 963 2930 nonnullis
976 2877 1005 2928 et
1021 2871 1145 2946 occisis,

144 2955 187 3014 sic
197 2961 228 3013 ut
240 2963 321 3014 erant
337 2957 458 3054 cruenti,
471 2953 585 3014 ubinam
600 2956 758 3054 imperator
775 2963 855 3014 esset
869 2956 1063 3033 requirentes,
1075 2972 1145 3032 per·

143 3040 302 3118 ruperunt
293 3056 322 3097 ιιι
333 3029 489 3100 triclinium
501 3057 604 3118 usque,
618 3055 674 3098 nec
684 3039 740 3098 nisi
752 3041 817 3101 viso
830 3038 1011 3099 destiterunt
1200 3107 1210 3116 Γ

207 3119 433 3202 Expeditionem
444 3134 539 3183 autem
550 3125 666 3200 inpigre
679 3131 764 3202 atque
778 3123 863 3182 etiam
880 3139 1082 3221 praepropere
1101 3123 1145 3181 in·
1208 3117 1210 3196 l

144 3207 270 3283 cboarit,
283 3207 408 3267 nullane
420 3207 594 3285 religionum
606 3204 721 3286 quidem
733 3223 812 3284 cura,
825 3204 878 3266 sed
890 3206 1009 3266 etmotrs
1016 3203 1145 3266 necdum
1155 3226 1180 3268 as
1209 3205 1210 3224 *

144 3289 268 3352 conditis
282 3291 435 3368 ancilibus,
449 3289 544 3371 (qnod
556 3291 711 3369 antiquitus
725 3291 879 3351 infaustum
889 3289 1028 3366 habetur)
1041 3298 1071 3349 et
1083 3289 1144 3362 die,

145 3392 201 3450 quo
211 3374 339 3436 cultores
347 3375 431 3436 deum
437 3375 537 3436 Matris
543 3374 694 3435 lamentari
700 3384 729 3436 et
738 3375 879 3454 plangere
887 3375 1043 3454 incipiunt-;
1057 3391 1144 3452 prae-

143 3464 225 3516 terea
235 3457 447 3519 aduersissimis
460 3458 607 3539 auspiciis.
629 3457 703 3519 Nam
715 3468 745 3519 et
753 3459 869 3518 victima
880 3457 938 3519 Diti
959 3458 1034 3538 patri
1053 3474 1145 3518 caesa
