2408 3870
153 229 227 280 xxx
495 218 703 278 Paauunnao.

61 366 63 370 .
148 388 282 464 ¹magistri
299 387 404 460 aliquot
420 390 456 444 de
472 363 632 445 coniectura
648 389 693 444 vel
714 390 794 460 repat
809 389 854 444 vel
874 356 1067 464 000000100-

156 473 235 548 plere
249 474 414 543 maluerunt,
429 474 503 544 quod
517 478 660 543 utrumque
676 474 704 527 ia
721 473 864 544 principes
880 490 989 545 qaoque
1004 473 1067 529 edi·
1150 501 1152 507 ·

99 585 128 625 2,
156 556 251 613 tiones
266 557 385 612 transiit.
429 557 495 623 Eam
516 558 641 612 lacunam
658 573 729 628 quae
751 573 776 628 p.
796 561 846 626 26,
871 563 902 616 10
923 560 1065 629 complura

156 642 243 698 verba
266 641 426 713 absorpsit,
453 641 649 712 grammaticus
671 640 781 712 quidam
805 641 920 696 saeculo
942 641 992 696 XV
1012 648 1066 696 tam

155 726 300 782 commode
321 725 456 796 resarsit,
484 730 514 779 nt
535 724 564 780 ia
586 724 647 780 eius
664 724 826 780 coniectura
842 723 985 795 acquiesci
1002 731 1067 798 pot-

154 809 236 865 uerit.
281 809 458 880 deceperunt
474 809 589 864 codices
612 807 827 878 Perizouiaaus,
845 808 963 864 Parisini
986 815 1064 868 5800.

154 899 233 952 5811.
255 899 324 952 5814
345 899 373 948 01
396 892 535 948 editiones
557 893 695 950 Romanae
719 892 871 964 principes.
916 892 1067 948 Difficilior

100 956 123 1024 3
154 977 232 1034 visus
258 979 349 1033 hiatus
367 993 394 1048 p.
416 981 468 1046 36,
491 982 539 1038 20:
565 977 682 1048 explere
703 977 870 1032 studuerunt
890 993 942 1032 sex
958 983 1066 1049 sepiem

154 1061 281 1131 magistri
305 1062 376 1116 alter
405 1061 494 1116 altaro
522 1059 717 1133 probabilius,
747 1060 867 1116 omnium
884 1060 1017 1133 pessime
1041 1061 1066 1116 is

155 1145 234 1200 cuias
249 1149 430 1200 commeatum
451 1145 479 1199 in
496 1143 622 1200 Parisino
633 1149 721 1214 5800,
744 1144 908 1214 'luriceasi‚
932 1143 1065 1201 cortiano

153 1228 295 1284 inventum
311 1232 454 1300 postremo
472 1229 500 1282 in
523 1227 694 1284 editionibus
718 1227 853 1284 subsedit.
901 1228 1003 1284 Contra
1023 1229 1066 1284 ia-

96 1305 123 1371 ‘l
154 1312 256 1368 oillima
275 1329 321 1368 res
338 1311 389 1366 luit
405 1312 432 1366 in
450 1311 624 1367 restituendo
643 1328 677 1368 eo
694 1313 768 1383 loco,
787 1313 834 1384 qai
849 1330 877 1384 p.
893 1318 936 1384 04,
953 1318 1066 1372 34-36
1118 1377 1120 1379 ,

153 1397 252 1452 lacuna
267 1396 379 1465 hiabat,
400 1401 550 1468 supersunt
570 1396 643 1451 ¹enim
660 1396 746 1451 verba
763 1397 859 1468 elapsa
878 1397 907 1452 iu
925 1411 1065 1453 commen-

153 1479 233 1536 tariis
250 1479 437 1535 Caesarianis.
484 1480 585 1536 Tamen
606 1496 664 1546 poa
683 1487 846 1552 comparent
862 1480 916 1536 nisi
944 1480 971 1534 in
987 1481 1064 1536 Pari-

153 1563 224 1620 sinis
240 1569 370 1634 quattuor
384 1571 461 1624 5803.
486 1569 563 1624 5812.
581 1565 672 1636 suppl.
685 1565 742 1620 Lat.
761 1571 820 1622 140.
837 1564 986 1622 sorbonne
1001 1571 1064 1634 014,

140 1648 180 1704 ‘in
197 1647 345 1705 Basilicasi
363 1654 391 1704 et
404 1648 616 1704 vindobonensi
636 1654 704 1718 183,
725 1647 847 1719 itemquo
862 1665 922 1704 cum
940 1648 997 1703 levi
1015 1665 1064 1704 va-

152 1733 254 1788 rietate
270 1732 298 1787 in
313 1732 439 1804 margine
454 1733 574 1788 lledicei
589 1730 670 1803 primi
691 1738 719 1787 et
734 1731 763 1787 in
781 1732 908 1788 Parisino
923 1737 1009 1806 5810,
1028 1748 1064 1787 ex

152 1815 325 1872 editionibus
348 1816 376 1871 in
399 1815 577 1887 lugdunensi
602 1833 626 1870 a.
652 1823 728 1876 1508.
773 1815 853 1872 Alias
877 1816 987 1887 quidam
1007 1833 1062 1872 ma·

151 1900 241 1970 gislan
257 1901 393 1972 pauciora
412 1901 498 1956 verba
514 1901 585 1954 haec
600 1901 780 1972 0001νὶ00000
794 1899 862 1954 bene
875 1905 957 1971 atque
971 1915 1063 1954 emen-

86 1981 89 1986 '
148 1985 214 2058 dote
227 1984 296 2040 satis
313 2001 376 2039 esse
389 1990 465 2040 ratus
477 1983 604 2040 Parisino
617 1991 702 2053 5805,
715 2001 738 2038 0.
755 1989 823 2042 1458
834 1983 953 2055 scripto,
971 1989 998 2038 et
1011 1985 1063 2041 Be-

79 2079 82 2086 '
150 2068 251 2124 roaldo
270 2085 294 2122 0.
314 2074 381 2126 1506
398 2067 547 2140 persuasit.

211 2149 308 2222 Neque
329 2151 418 2208 minus
440 2152 615 2208 noviciorum
637 2152 773 2208 librorum
789 2151 941 2208 auotoritas
963 2168 998 2207 eo
1019 2152 1063 2206 in-

150 2235 298 2307 fringitur,
324 2237 399 2307 qaod
419 2252 474 2293 uon
497 2242 573 2292 certa
597 2241 626 2291 et
650 2236 789 2292 constanti
812 2235 904 2306 aliqua
928 2235 1064 2292 affinitate

149 2337 210 2375 eum
242 2318 363 2391 antiquis
392 2320 529 2392 exemplis
560 2318 780 2391 coniunguntur,
809 2320 860 2376 sed
886 2321 1063 2376 diversorum

151 2403 342 2476 exemplorum
361 2404 515 2461 collatione
540 2403 717 2461 contaminati
741 2406 824 2463 modo
841 2404 961 2460 adhunc
980 2403 1063 2458 modo

151 2489 186 2566 ad
206 2489 282 2544 illam
297 2487 433 2544 librorum
456 2489 570 2559 stirpem
594 2487 736 2560 pertinere
755 2489 895 2545 videntur.
942 2487 990 2542 Sic
1011 2487 1063 2541 80-

151 2572 276 2629 siliensis
297 2572 389 2628 codex
409 2573 429 2628 F
449 2573 461 2627 l
483 2579 516 2631 12
541 2577 568 2626 et
588 2569 819 2627 vindobonensis
843 2577 895 2630 188
915 2569 1013 2647 (Viad.
1037 2577 1062 2627 1.

151 2655 305 2728 appellavit
325 2651 556 2728 Oudendorpius)
576 2654 623 2727 qui
645 2655 711 2710 libri
734 2653 807 2710 inter
829 2671 860 2710 se
880 2659 933 2710 tam
954 2653 1062 2710 similes

150 2746 213 2796 sant
228 2745 258 2794 at
273 2757 325 2811 pro
341 2757 396 2797 uno
412 2740 509 2797 haberi
526 2739 650 2811 possint,
672 2739 871 2794 accedentibus
886 2738 1004 2810 reliquis
1023 2737 1063 2792 si-

149 2823 271 2893 milibus,
285 2824 486 2892 Periaoniano,
501 2822 692 2891 florianensi,
709 2822 972 2891 comendandum,
987 2819 1063 2878 Non·

150 2908 244 2978 aiano,
252 2908 509 2977 lindenbrogiano,
521 2905 705 2976 Ferrariensi,
713 2905 983 2969 Vratislaviensibus
991 2906 1063 2962 duo-

149 2987 259 3066 bus²⁰),
275 2991 409 3048 Parisinis
425 2996 504 3050 5812.
526 2991 617 3063 suppl.
632 2991 689 3045 Lat.
708 2995 767 3048 140.
784 2989 866 3046 Sorb.
876 2995 936 3050 914.
955 2989 1061 3045 tribus-

219 3171 266 3236 20)
277 3173 460 3224 Ρο1000111011110
470 3173 551 3223 codex
558 3172 625 3223 notis
636 3172 818 3238 marginalibus
831 3173 948 3239 oppletus
958 3186 981 3220 a.
993 3170 1062 3222 1545

148 3243 230 3292 Roma
245 3242 374 3292 Vesaliam
389 3241 488 3291 delatus
504 3249 556 3302 est,
577 3249 660 3291 tuma
678 3239 743 3292 Gail.
759 3240 880 3292 Noomsio
897 3241 930 3292 ad
942 3239 1062 3290 Iacobum

55 3363 57 3366 ,
149 3311 326 3371 Perizonium‚
352 3317 481 3376 postremo
510 3309 536 3360 ia
560 3309 711 3361 Leidensem
734 3309 913 3361 bibliothecam
934 3309 1062 3376 pervenit.

24 3515 70 3534 hs.

148 3378 195 3432 Usi
213 3387 273 3429 sunt
287 3379 449 3430 Burmannus
466 3386 491 3429 et
504 3377 705 3446 Oudendorpius.
725 3407 758 3418 -—
778 3377 809 3430 Ut
821 3379 1004 3429 Perizoniauus
1018 3391 1060 3427 co·-

147 3447 198 3498 dex
216 3448 249 3497 ad
266 3447 406 3498 Romanam
422 3447 559 3498 editionem
578 3451 614 3499 10.
632 3448 749 3498 Andreae
768 3449 886 3514 proxime
900 3446 1009 3506 accedit,
1026 3444 1062 3494 ita

148 3515 252 3566 editioni
269 3516 377 3582 principi
390 3517 503 3568 Venetae
517 3518 601 3568 nullus
617 3516 724 3568 similior
741 3527 779 3567 eet
792 3515 949 3567 Harlemensi
961 3515 987 3564 ia
998 3513 1061 3564 bibl.
