2444 3872
258 29 277 68 ²·
297 11 337 104 VJ
366 23 552 168 eumq.
571 25 684 110 {itast
702 32 831 118 taam.
841 54 899 128 p..

99 192 160 254 164
202 203 233 252 c.
249 203 398 252 suerum
415 204 543 264 resno.
558 204 606 252 aa
621 204 703 252 vrrs
719 205 904 254 caussauu
918 206 987 255 me.
1002 207 1036 256 v.

53 365 89 420 32
162 359 301 421 Convivia
317 359 436 435 agitavit
455 367 484 418 et
499 359 594 438 ampla
609 367 639 418 et
651 359 781 438 assidue,
800 379 836 421 ac
851 361 915 422 lere
935 363 1096 440 patentissi-

96 446 150 505 mis
172 444 247 503 locis
267 452 296 502 ut
316 441 485 522 plerumque
506 443 621 524 sesceni
638 443 720 503 simul
736 443 957 505 discumberent.
991 444 1095 506 Conui·

96 538 179 591 vatus
195 534 284 586 estet
305 544 394 605 super
415 527 591 586 emissarium
612 525 713 587 Fucini
732 527 827 605 lacus,
851 546 886 590 ac
907 546 1002 607 paene
1024 548 1096 590 sum·

96 631 225 689 mersus,
254 629 317 670 cum
341 611 446 671 emissa
472 611 581 688 impetu
604 629 678 690 aqua
701 611 900 672 redundasset.
933 612 1098 674 Adhibebat

97 699 174 758 omni
191 713 302 781 caenae
319 702 348 753 et
364 693 476 754 liberos
490 713 559 756 suos
576 713 639 755 curu
652 696 750 774 pueris
767 695 931 774 puellisque
941 696 1124 774 nobilibuqs

97 784 145 862 qul
170 798 251 841 more
278 779 380 839 veteri
393 777 428 838 ad
448 777 542 840 fulcra
570 779 713 839 lectorum
737 779 873 840 sedentes
895 791 1096 842 vescerentur.

75 864 262 942 *Convivam
285 865 332 943 qui
354 862 447 942 pridie
464 862 604 942 scyphum
621 858 738 924 aureum
752 863 933 942 subripuisse
951 866 1097 926 existima·

96 949 197 1026 batur,
211 957 352 1008 revocato
370 948 399 1007 in
414 947 489 1008 diem
504 956 654 1026 posterum
675 947 796 1008 calicem
817 948 934 1007 fictilem
950 949 1096 1028 apposuit.

95 1033 208 1094 Dicitur
231 1034 315 1098 etiam
335 1031 487 1091 meditatus
511 1031 652 1108 edictum,
683 1049 740 1110 quo
762 1032 877 1091 veniam
895 1031 977 1092 daret
1000 1033 1098 1093 ilatum

97 1109 298 1196 crepitumque
314 1116 423 1174 ventris
444 1117 473 1174 in
490 1117 625 1176 convivio
641 1114 805 1192 emittendi,
825 1133 888 1175 oum
904 1115 1098 1194 periclitatum
1106 1139 1133 1181 ro

98 1199 239 1280 quendam
254 1216 325 1278 prae
341 1198 452 1277 pudore
473 1217 510 1258 ex
527 1199 702 1260 continentia
718 1200 910 1278 repperisset.
1134 1261 1137 1268 ,

54 1294 89 1348 33
163 1281 227 1344 Cibi
241 1283 358 1360 vinique
375 1299 556 1361 quocumque
571 1293 600 1342 et
614 1289 747 1362 tempore
763 1292 792 1342 et
811 1283 878 1344 loco
892 1285 1097 1362 appetentissi-

95 1387 175 1445 mus,
200 1383 386 1444 cognoscens
401 1366 544 1445 quondam
558 1367 587 1426 in
601 1367 726 1445 Augusti
741 1368 824 1445 foro,
846 1369 978 1447 ictusque
994 1368 1098 1429 nidore

96 1451 222 1533 prandii,
252 1450 330 1531 quod
356 1451 385 1510 in
409 1453 542 1530 proxima
561 1451 660 1512 Martis
686 1451 759 1512 aede
782 1452 868 1512 Saliis
893 1451 1097 1532 apparabatur,

96 1537 213 1598 deserto
234 1534 369 1595 tribunali
395 1536 527 1595 escendit
555 1535 590 1595 ad
615 1534 786 1596 sacerdotes
814 1534 1134 1614 unaqucdecubuit.1t

95 1621 160 1682 Nec
174 1629 283 1680 temere
298 1637 433 1699 umquam
448 1619 575 1680 triclinio
594 1619 737 1680 abscessit
753 1621 807 1680 nisi
828 1619 968 1680 distentus
989 1637 1024 1680 ac
1037 1637 1097 1680 ma·

97 1707 184 1783 dens,
203 1715 231 1765 et
247 1714 278 1765 ut
292 1704 386 1764 statim
407 1704 511 1782 supino
534 1722 568 1763 ac
593 1723 647 1783 per
663 1721 791 1769 somnum
813 1703 901 1765 bieuti
916 1705 1002 1783 pinna
1017 1706 1046 1764 in
1061 1721 1098 1764 os

95 1789 245 1850 inderetur
258 1787 294 1849 ad
309 1787 523 1848 exonerandum
539 1788 724 1848 stomachum.
741 1789 839 1849 Somni
855 1787 1018 1848 breuissimi
1034 1795 1099 1848 erat

97 1877 178 1955 (nam
198 1883 264 1934 aute
284 1871 407 1933 mediam
425 1881 543 1934 noctem
565 1871 734 1951 plerumque
756 1871 930 1950 evigilabat)
951 1881 982 1931 ut
1000 1880 1098 1932 tamen

96 1957 220 2018 interdiu
236 1975 447 2036 nonnumquam
461 1957 491 2017 in
505 1958 567 2017 iure
583 1955 706 2017 diceudo
723 1956 968 2032 obdormisceret,
988 1956 1137 2034 vixqueao

96 2042 131 2102 ab
148 2042 296 2102 advocatis
311 2039 348 2100 de
365 2039 504 2101 industria
522 2058 626 2101 vocem
647 2038 817 2117 augentibus
835 2041 1020 2100 excitaretur.
1051 2039 1098 2099 bi·

94 2126 238 2186 bidinis
228 2144 256 2185 ιιι
282 2125 402 2184 feminas
434 2125 680 2204 profusissimae,
700 2143 808 2184 marum
834 2125 949 2184 omnino
978 2141 1140 2202 expers.-

94 2199 199 2269 Aleam
217 2188 428 2268 studiosissime
443 2209 527 2278 lusit;
544 2209 580 2269 de
599 2212 679 2269 cuius
698 2217 760 2268 arte
777 2207 879 2268 librum
896 2225 1013 2286 quoque
1027 2208 1099 2266 emi·

12 2347 15 2350 ι
96 2294 145 2362 sit;
168 2285 271 2352 solitus
293 2291 379 2352 etiam
398 2293 427 2351 in
445 2294 608 2369 gestatione
628 2292 745 2368 ludere,
765 2295 804 2352 ita
824 2290 930 2352 essedo
951 2292 1099 2370 alveoque

95 2377 236 2456 adaptatis
251 2395 288 2437 ne
303 2375 384 2436 lusus
403 2377 637 2437 confunderetur.
1108 2400 1138 2440 ae

52 2471 88 2525 34
156 2463 281 2522 Saevum
297 2469 327 2521 et
347 2461 560 2538 sanguinarium
579 2469 679 2522 natura
698 2460 806 2538 fuisse,
828 2462 940 2539 magnis
961 2458 1097 2520 minimis·

95 2564 151 2624 que
168 2546 301 2625 apparuit
318 2544 415 2605 rebus.
445 2543 601 2606 Tormenta
626 2547 825 2623 quaestionum
841 2561 1012 2624 poenasque
1029 2561 1098 2623 par·

93 2629 248 2690 ricidarum
263 2629 504 2708 repraesentabat
519 2627 716 2708 exigebatque
731 2647 838 2690 coram.
870 2626 941 2689 Cum
958 2636 1099 2708 spectare

94 2715 202 2791 antiqui
220 2714 309 2773 moris
330 2712 503 2793 supplicium
518 2712 617 2774 l'iburi
639 2713 841 2791 concupisset,
864 2722 894 2773 et
908 2711 1044 2790 deligatis
1058 2710 1099 2771 ad

94 2796 190 2875 palum
215 2798 310 2856 noxiis
333 2799 465 2858 carnifex
486 2798 618 2874 deesset,
646 2798 769 2857 accitum
793 2796 828 2857 ab
849 2796 922 2856 urbe
939 2809 1142 2876 vesperameo

94 2897 186 2958 usque
202 2881 333 2960 opperiri
349 2881 561 2960 perseveravit.
577 2881 766 2960 Quocumque
777 2881 950 2959 gladiatorio
964 2897 1099 2956 munere,

94 2961 143 3021 rel
160 2978 212 3022 suo
229 2963 277 3023 vel
299 2964 411 3044 alieno,
434 2967 519 3026 etiam
542 2965 618 3025 forte
640 2965 799 3045 prolapsos
821 2964 944 3044 iugulari
964 2962 1099 3041 iubebat,

93 3047 216 3107 maxime
236 3049 384 3127 retiarios,
412 3058 443 3110 ut
463 3050 653 3128 expirantium
676 3050 769 3109 iacies
789 3048 922 3109 videret.¹
947 3046 1018 3109 (lum
1041 3065 1101 3128 per

95 3129 237 3209 quoddam
252 3135 356 3194 mutuis
376 3133 482 3195 ictibus
508 3133 701 3209 concidisset,
725 3131 860 3193 cultellos
882 3131 936 3194 sibi
955 3131 1100 3212 parvulos

95 3231 133 3274 ex
158 3223 282 3295 utroque
302 3217 382 3278 ferro
404 3219 434 3276 in
457 3235 538 3276 usum
558 3215 621 3276 fieri
642 3219 703 3276 sine
724 3234 805 3277 mora
826 3217 917 3278 iussit.
953 3215 1147 3278 Bestiarisos

93 3297 318 3378 meridianisque
333 3299 407 3361 adeo
424 3299 636 3378 delectabatur,
652 3308 683 3360 ut
699 3309 728 3360 et
740 3302 830 3380 prima
846 3301 912 3362 luce
927 3299 962 3361 ad
978 3309 1100 3380 specta·

96 3381 189 3440 culum
204 3380 398 3443 descenderet
419 3392 448 3444 et
468 3382 603 3461 meridie,
625 3345 742 3445 dimisso
756 3383 792 3446 ad
807 3385 956 3464 prandium
971 3383 1100 3464 populo,

95 3463 284 3542 persederet,
316 3475 491 3546 praeterque
512 3465 670 3528 destinatos
691 3470 777 3529 etiem
797 3469 857 3530 levi
883 3469 1037 3548 subitaque
1057 3469 1101 3530 de

114 3623 299 3700 butt}
300 3631 407 3738 ’ξ’-ἑξ
479 3637 624 3754 apli-*2⁸²⁴
599 3646 866 3734 *allegarem
879 3659 1039 3740 Usu)
