2412 3876
12 3473 68 3496 ,Α

232 211 316 261 xcvt
571 209 778 257 PRAEFATIO.

233 368 320 427 baec:
340 369 510 442 Explicit
531 328 792 440 praescriptae
813 366 1002 440 verborum
1018 369 1133 426 dille-

234 453 376 510 reatiae
407 470 448 508 ex
478 451 574 508 libro
606 451 774 507 Suetonii
802 452 1055 522 Tranquillini
1078 453 1133 524 qui

233 535 452 593 inscribitur
468 535 615 591 Pratum.
647 535 714 590 ludo
726 550 781 606 ego
793 537 930 606 integrum
945 535 1051 591 tit-ulum
1063 553 1134 592 com-

233 621 315 694 posui
335 636 364 693 p.
379 625 441 689 306,
460 626 520 679 tto

297 703 342 759 Ad
372 703 570 760 emendandum
598 703 723 758 libellum
751 703 930 776 vehementer
959 703 1134 774 depravatum

233 788 411 845 contulerunt
434 786 559 841 nonnihil
581 787 652 842 duae
668 784 886 841 differentiarum
909 785 1076 857 scriptiones
1096 785 1134 843 si-

233 870 381 940 millimae,
399 885 470 940 quae
491 870 589 926 eodem
609 869 707 926 codice
728 868 972 940 llontepeuauleno
994 870 1134 926 continen-

232 959 289 1011 tur.
335 953 429 1022 Altera
457 953 598 1025 superiori
623 953 749 1024 proxime
770 951 944 1024 praecedens
966 951 1004 1008 ita
1025 952 1133 1026 incipit:

232 1036 327 1092 ‘luter
343 1036 476 1092 auxilium
492 1043 520 1091 et
541 1036 711 1110 praesidium
730 1042 757 1090 et
777 1033 948 1092 subsidium'
966 1033 1004 1092 itu
1019 1036 1133 1092 desiuit:
1204 1085 1205 1088 ,

231 1119 327 1174 ‘luter
341 1120 458 1175 ultorem
477 1125 505 1174 et
517 1118 655 1175 vindicem
671 1121 724 1174 hoc
740 1119 871 1186 interest,
888 1117 963 1189 quod
977 1118 1135 1175 ulciscimur
1204 1151 1205 1154 =

231 1218 285 1259 nos
302 1208 417 1274 accepta
434 1202 551 1272 iniuria,
572 1202 744 1259 vindicamus
761 1216 795 1255 ne
811 1199 1004 1272 accipiemns'.
1049 1201 1135 1258 11111-

131 1356 134 1362 ,
231 1302 293 1342 rem
309 1287 370 1341 eius
394 1285 556 1357 scriptionis
571 1291 678 1357 partem
698 1284 786 1340 edidit
803 1301 828 1340 a.
848 1289 914 1343 1605
929 1283 1005 1340 lilius
1020 1285 1135 1342 l‘utsolre

231 1370 261 1425 in
285 1368 475 1426 Grammaticis
504 1369 563 1425 suis
590 1386 616 1440 p.
637 1373 707 1427 2203
726 1384 787 1438 sqq.
832 1367 1000 1424 Postremum
1031 1375 1137 1440 partem

231 1453 377 1525 supplevit
406 1469 441 1506 ex
469 1452 531 1524 ipso
560 1451 659 1508 codice
681 1452 773 1507 editor
795 1451 917 1521 catalogi
949 1468 1033 1523 snpra
1059 1453 1136 1508 citati

233 1542 327 1608 11412
344 1553 387 1607 sq.
406 1541 433 1589 et
449 1553 484 1590 cx
500 1537 662 1608 apographo
674 1534 847 1590 Dorvilliauo
859 1534 1049 1590 Ferdinandus
1059 1534 1136 1591 Hand

232 1619 260 1673 in
276 1625 481 1691 programmate
499 1619 609 1674 lenensi
624 1635 648 1674 a.
667 1625 742 1678 1818.
779 1616 902 1673 Alteram
918 1617 1136 1674 differentiarum

233 1704 376 1772 syllogen,
389 1719 460 1774 quae
476 1703 513 1756 ita
530 1702 641 1772 incipit:
657 1701 752 1757 ‘lutor
766 1699 896 1774 polliceri
912 1707 939 1758 el
955 1701 1134 1776 promittere'

231 1792 260 1842 ot
278 1785 381 1841 Isidori
398 1785 572 1857 Hispalensis
589 1801 651 1842 esse
667 1786 772 1855 fertur,
795 1785 875 1857 primi
895 1786 1041 1841 ediderunt
1055 1787 1137 1843 laco-

230 1868 284 1926 bus
299 1869 334 1923 du
350 1869 433 1925 Breul
449 1884 509 1924 cum
524 1868 634 1924 Isidoro
648 1868 734 1925 Paris.
752 1872 818 1928 1601
835 1869 1021 1938 etllionysius
1032 1869 1138 1926 Gotho-

231 1953 329 2008 lredus
347 1953 374 2007 in
400 1951 589 2008 Grammaticis
611 1952 668 2007 suis
696 1957 824 2021 11602,
849 1952 928 2023 isque
944 1952 1137 2022 Bongarsiano

230 2036 331 2091 codice
354 2051 429 2090 usus.
474 2035 541 2090 Eius
562 2035 651 2090 libelli
672 2050 726 2104 ego
750 2051 859 2106 quoque
880 2035 1009 2092 maiorem
1030 2041 1139 2108 partem

230 2117 326 2190 reperi
356 2117 383 2172 in
406 2117 505 2172 codice
529 2117 675 2174 basiliensi
699 2118 1023 2176 11111111111111.
1063 2117 1137 2175 Non·

231 2201 305 2256 nulla
322 2199 462 2256 Arevalus
478 2201 601 2257 contulit.
994 2254 996 2258 .

293 2284 349 2339 lam
365 2283 390 2339 si
406 2283 469 2355 quis
484 2285 517 2339 de
536 2284 700 2341 auctoritate
722 2283 804 2340 huius
821 2282 911 2340 libelli
928 2290 1059 2356 quaerat,
1075 2286 1142 2354 =hoc

229 2365 348 2440 primum
362 2383 473 2436 moneo,
492 2367 581 2438 qualis
599 2373 642 2424 est
658 2369 741 2424 talem
759 2383 849 2439 neque
864 2385 879 2423 a
895 2359 1030 2422 Suetonio
1046 2384 1143 2439 neque

230 2451 266 2506 ab
283 2451 341 2506 ullo
365 2457 461 2506 vetere
488 2451 626 2523 scriptore
647 2451 829 2524 compositum
854 2467 917 2507 esse
940 2466 1041 2524 posse:
1061 2455 1143 2510 tanta

232 2541 276 2590 est
299 2551 392 2590 rerum
415 2535 632 2606 perscripturum
647 2534 805 2591 commixtio
823 2552 856 2608 ac
869 2533 1052 2607 perturbatio.
1091 2535 1143 2590 Ti-
1177 2595 1182 2604 ,

231 2617 305 2672 tulus
319 2615 492 2673 differentias
502 2617 611 2688 quidem
628 2635 783 2674 sermonum
800 2617 950 2690 pollicetur
966 2624 994 2673 ct
1010 2623 1054 2672 est
1069 2634 1144 2673 sane

230 2699 320 2755 maior
338 2717 403 2770 pars
428 2699 488 2754 eius
505 2701 675 2770 argumenti,
697 2701 748 2756 sed
768 2701 981 2773 interponuntur
1001 2701 1144 2772 permulta

232 2783 313 2852 plane
337 2782 442 2838 diversi
466 2783 596 2853 generis,
627 2785 662 2840 de
688 2784 922 2840 declinationibus
945 2784 1085 2839 nominum
1113 2791 1146 2840 ut

232 2865 383 2920 verborum
396 2865 442 2919 vel
458 2865 493 2920 ad
509 2882 677 2929 communem
694 2866 825 2936 loquendi
841 2882 919 2922 usum
936 2868 982 2922 vel
999 2868 1032 2922 ad
1048 2867 1146 2938 magi-

229 2953 351 3003 strorum
367 2955 518 3020 praecepta
536 2948 701 3019 dirigendis,
718 2949 753 3004 de
772 2951 922 3018 generibus
938 2951 1088 3019 nominum,
1106 2951 1147 3006 de

231 3031 389 3102 originibus
402 3031 610 3101 r'ouabulorum
626 3032 661 3087 de
673 3037 749 3086 recte
764 3031 954 3102 intelligendis
966 3033 1062 3090 verbis
1076 3033 1147 3105 qui-

231 3115 347 3170 busdam
369 3115 542 3184 rarioribus,
566 3131 653 3186 caque
670 3122 724 3171 tam
740 3115 858 3172 disiecta
876 3122 904 3172 et
919 3117 999 3188 quasi
1019 3118 1146 3173 fortuito

231 3199 335 3271 passim
350 3215 458 3270 sparsa,
475 3204 530 3252 tum
546 3199 664 3269 repetita
680 3215 790 3270 quoque
805 3199 849 3258 bis
863 3206 940 3256 terve
956 3207 1037 3271 atque
1054 3201 1148 3256 ctiam

231 3281 415 3353 repugnantia
429 3281 503 3334 inter
519 3297 561 3350 se,
578 3287 608 3335 ut
625 3288 729 3337 certum
742 3283 877 3352 quoddam
889 3283 1030 3340 scribendi
1046 3299 1148 3353 genus

232 3371 393 3434 certumque
418 3362 565 3433 scriptoris
591 3365 737 3420 consilium
755 3379 809 3420 non
828 3381 987 3436 agnoscas,
1014 3366 1064 3422 sed
1089 3365 1148 3422 ad-

236 3445 358 3500 versaria
386 3444 520 3517 quaedam
546 3447 716 3516 perlustrare
741 3446 794 3504 tibi
810 3449 924 3506 videare
947 3450 1086 3522 privatum
1113 3447 1151 3508 in
