2412 3876
450 200 658 249 PRAEFATIO.
891 201 1003 249 LXXXI

1 353 2 390 l
88 365 340 416 commentatorum
363 359 469 417 Horatii
492 366 630 416 servatam
644 354 803 433 primum⁸⁸)
823 365 931 421 51548
949 360 1001 417 l’a-

0 463 1 504 }
91 449 156 498 trus
172 442 294 498 Nunnius
310 444 511 499 Alcmariensis
526 444 768 501 miscellaneorum
785 461 810 516 p.
824 448 874 514 72,
897 451 952 500 tum
971 444 1000 500 in

92 526 257 583 Horatianis
274 526 444 583 editionibus
459 528 582 582 Muretus
598 543 623 582 a.
636 534 720 597 1555,
737 527 881 583 Lambinus
895 545 920 583 a.
934 532 999 588 1567

92 616 123 664 51
150 609 287 680 oroquins
310 628 334 666 a.
358 615 426 670 1578
447 611 640 680 vulgaverunt.
685 610 760 666 llaec
790 611 916 681 exempla
947 618 1001 666 tam

93 692 190 747 multis
206 693 290 748 rebus
305 693 378 748 inter
392 710 423 748 55
436 693 582 762 dillerunt,
597 699 627 748 ut
641 710 708 751 sane
726 694 877 751 mirandum
896 694 932 749 sit
948 711 1001 766 qua

93 776 206 831 ratione
224 777 314 832 omnia
330 793 366 832 err
380 792 435 832 uno
453 777 606 847 eodemque
621 783 718 832 151515
731 777 805 833 libro
822 778 919 833 liaustu
937 793 1001 833 esse

94 858 241 922 dicantur:
272 860 375 931 qnippe
406 859 518 926 codice,
545 859 591 930 qui
620 859 741 916 (landari
773 859 801 915 in
829 860 999 917 bibliotheca

1 1011 2 1014 Ἴ
96 943 127 997 S.
154 941 229 996 Petri
252 941 397 999 Blandioia
424 944 639 1012 asservabatur,
665 942 856 1014 antiquissimo
877 943 999 1000 Nanniue

95 1041 149 1097 per
175 1041 207 1080 so
234 1030 262 1080 et
284 1027 383 1080 ltnreti
405 1025 496 1096 gratia
518 1024 654 1081 Antonius
677 1025 857 1096 llorillenus,
878 1027 999 1099 denique

96 1107 237 1178 Gruquius
250 1109 294 1164 usi
308 1126 372 1164 essa
387 1110 489 1165 volunt.
534 1107 568 1162 Et
585 1107 721 1180 Gruquius
738 1109 848 1181 quidem
863 1110 999 1166 minimum

1 1213 2 1252 t
96 1190 207 1260 negotii
230 1191 355 1256 15555511,
386 1209 445 1247 curn
470 1197 544 1247 totus
566 1192 625 1246 1515
645 1208 680 1247 ex
700 1193 806 1249 llurato
827 1199 855 1250 at
870 1195 999 1250 lambino

1 1299 2 1321 2
95 1274 235 1345 pendeat,
260 1274 398 1331 interdum
421 1276 456 1331 ad
469 1273 603 1331 Nunnium
618 1275 748 1345 inclinet,
777 1277 862 1332 semel
883 1284 1000 1332 tantum-

96 1357 180 1412 modo
202 1358 308 1429 seripto
329 1358 402 1414 libro
424 1357 530 1429 aliquid
555 1353 702 1432 detenti).
746 1360 832 1416 l’orro
855 1361 1000 1416 Lambinus

1 1468 2 1472 =
96 1457 134 1494 ne
157 1441 293 1495 tantillum
320 1441 430 1513 quidem
453 1458 468 1496 5
488 1447 584 1496 vetere
608 1442 681 1497 libro
707 1443 873 1514 desumpsit,
902 1444 952 1499 sod
975 1443 999 1498 is

97 1523 263 1594 compositis
275 1523 373 1580 Nannii
390 1531 418 1580 51
433 1525 533 1579 1151511
551 1524 686 1595 exemplis
701 1522 953 1582 ‘emendatiorem’
972 1531 1001 1582 nt

97 1606 161 1678 ipse
174 1606 226 1675 ait,
242 1614 272 1662 ut
287 1607 352 1663 mihi
369 1608 479 1664 videtur
494 1607 696 1678 corruptiorem
710 1609 890 1680 scriptionem
905 1610 984 1665 reddi
995 1595 1014 1654 -’

97 1689 140 1745 dit
168 1689 211 1745 sui
236 1690 343 1761 ingenii
363 1691 482 1763 placitis.
524 1690 561 1745 At
580 1691 702 1747 lluretus
719 1698 759 1747 tot
777 1692 913 1750 lectiones
932 1707 999 1764 pro-

98 1771 177 1845 prias
192 1772 354 1844 Nannioque
375 1774 518 1845 ignoratas
533 1775 617 1830 habet
633 1790 737 1845 easque
753 1781 806 1830 tam
823 1775 935 1831 (1115155
951 1791 1000 1830 na-

97 1862 172 1925 tura,
187 1863 216 1912 ut
231 1857 303 1912 altar
315 1857 424 1927 quidam
435 1857 526 1913 codex
541 1850 689 1915 llorillouo
706 1857 753 1928 qui
769 1857 829 1914 eius
846 1865 942 1913 auctor
958 1865 1000 1914 551

97 1945 215 2010 praesto
238 1938 326 1996 luisse
349 1942 469 2011 debeat,
491 1941 569 1995 cuius
586 1940 635 1995 ille
651 1941 802 1997 collatione
828 1941 1000 1997 emendatum

97 2021 268 2079 Nunnianum
298 2025 452 2095 exemplum
481 2041 496 2080 5
524 2023 652 2080 Flandria
678 2021 813 2082 Venetias
840 2019 997 2092 1515511170).

96 2129 302 2143 ψ·

167 2203 215 2266 68)
240 2205 289 2256 Diu
311 2214 369 2256 ante
388 2206 514 2256 Nannium
534 2205 623 2256 Petrus
642 2206 752 2256 Crinitus
774 2221 829 2256 cam
851 2209 926 2258 vitam
950 2209 998 2259 sibi
1022 2197 1027 2210 ’

97 2281 186 2324 notam
201 2272 282 2324 fuisse
299 2274 460 2340 significavit,
474 2274 506 2323 de
525 2275 607 2340 poetis
624 2274 677 2323 Lat.
695 2273 719 2334 3,
733 2273 776 2325 38.
812 2275 932 2326 1151115115
948 2291 998 2326 non

1 2368 2 2382 r
97 2341 234 2408 indignum
253 2350 304 2403 est,
326 2358 390 2406 quae
414 2358 429 2391 a
450 2342 568 2392 Suetonio
586 2342 729 2392 referuntur
747 2344 858 2408 Augusti
876 2344 908 2393 ad
928 2346 999 2394 Flac-

97 2425 156 2460 cum
181 2409 303 2476 epistolae
325 2410 461 2462 ‘confictas
484 2411 520 2460 1111
541 2411 610 2460 visas
629 2426 685 2460 5555
711 2425 792 2474 neque
814 2411 905 2476 dignas
928 2421 998 2462 tanto

97 2478 213 2545 principe
237 2478 341 2543 eiusque
362 2495 460 2528 summa
478 2479 642 2531 eruditione’.
679 2479 766 2530 Criniti
788 2479 879 2528 librum
905 2479 997 2528 editum

97 2548 150 2597 vidi
170 2562 194 2595 a.
216 2545 298 2605 1508,
316 2548 362 2597 sed
377 2549 503 2612 antiquior
518 2546 595 2597 editio
609 2555 709 2596 exstare
725 2547 814 2597 dicitur
830 2547 861 2596 de
875 2561 899 2596 a.
921 2548 996 2598 1500.

168 2613 215 2677 69)
236 2613 392 2665 t'ooatntum
408 2617 525 2681 quosdam
541 2631 567 2681 p.
585 2613 649 2675 298,
672 2616 729 2664 251
748 2615 774 2664 in
794 2616 894 2680 scriptis
917 2625 999 2666 exstat

100 2697 213 2746 nequeo
238 2699 364 2748 quoquam
382 2693 440 2734 ante
455 2683 592 2747 Gruqulum
611 2684 678 2749 typis
694 2683 846 2748 impressum
862 2691 911 2734 551.
949 2683 999 2734 Sed

98 2770 125 2819 p.
143 2750 203 2813 297,
217 2751 234 2803 3
251 2752 364 2813 Quintus,
380 2756 397 2804 4
412 2753 516 2817 quidem,
536 2750 569 2801 10
586 2753 612 2800 in
624 2754 741 2816 qratiam,
758 2752 790 2803 12
807 2753 999 2811 denumeratio,

100 2823 133 2872 te
150 2820 225 2870 ltirrao
243 2837 289 2876 me.
309 2821 342 2871 18
357 2831 385 2871 ut
402 2822 456 2885 ltoe,
471 2821 506 2870 24
520 2835 664 2884 repperere,
682 2820 715 2871 33
728 2823 885 2882 porsenam,
898 2839 924 2886 p.
939 2820 1000 2881 298,

101 2891 133 2941 15
148 2904 180 2938 ne
198 2904 310 2940 55555511
324 2887 468 2940 breuitatem
486 2889 608 2938 Lambino
626 2888 772 2947 obsecutus,
791 2903 817 2954 p.
839 2889 903 2950 297,
921 2893 1000 2940 5511-

98 2957 248 3020 probrasset
263 2960 289 3006 t'rr
308 2960 487 3019 altercatione,
516 2957 548 3006 16
563 2959 681 3006 extremis
696 2956 835 3020 Esquiliis,
854 2958 888 3009 29
913 2957 1000 3016 liabeo,

100 3043 126 3092 p.
143 3025 209 3084 298,
236 3027 270 3077 27
293 3029 398 3091 epistota
418 3027 526 3079 obscura
550 3039 596 3075 suo
620 3023 695 3090 genio
718 3024 869 3091 indulgens,
893 3036 999 3089 utraque

1 3121 2 3126 =
100 3095 155 3144 sine
173 3093 294 3144 librorum
309 3096 456 3146 auctoritate
472 3093 581 3158 scripsit.
617 3091 750 3142 Praeterea
769 3109 795 3158 p.
817 3095 881 3154 297,
905 3094 938 3146 36
955 3095 1000 3144 de-

1 3154 8 3176 ”
99 3161 265 3229 prehendisse
281 3178 309 3213 55
329 3164 370 3212 ‘in
390 3162 530 3214 Blandiniis
547 3161 740 3226 manuscriptis’
760 3161 875 3212 lacunam
894 3163 942 3225 ait,
967 3162 999 3212 do

101 3245 149 3296 qua
169 3246 201 3280 ex
220 3229 294 3280 lenda
305 3230 459 3298 desperaret.

171 3246 288 3363 1511155
307 3299 401 3365 aliquot
419 3299 542 3364 exemplis
560 3298 782 3348 demonstrandum
801 3314 857 3349 5555
874 3299 997 3365 intelligo.

102 3366 178 3418 lllnlta
194 3367 296 3433 quidem
311 3369 342 3419 ab
361 3369 459 3419 Nannio
478 3367 554 3417 ninia
572 3365 733 3418 festinatione
753 3375 870 3431 corrupte
887 3367 997 3417 111511115-

103 3450 149 3486 uus
165 3452 197 3486 ex
215 3435 305 3486 eodem
323 3437 385 3487 libro
401 3436 547 3502 diligentius
564 3435 677 3500 inspecto
696 3436 837 3484 correxisse
852 3441 949 3499 potest,
970 3444 998 3487 ut

142 3524 279 3561 5551511155,
769 3507 784 3556 f
