2412 3876
390 261 404 293 κ
452 196 556 264 uuvus
573 196 699 246 uunuus.
1041 188 1079 248 15

10 345 12 404 l
137 349 209 411 (lum
232 367 305 428 ergo
327 351 470 413 sublatam
487 352 664 412 tribunorum
681 350 921 412 intercessionem
940 353 1080 432 ipsosque
1088 363 1120 418 ³1

10 461 12 508 q
71 435 146 498 urbe
159 435 287 495 cessisse
300 435 457 495 nuntiatum
469 445 524 513 est,
541 435 708 515 praemissis
722 435 875 496 confestim
888 431 962 496 olim
975 437 1078 497 cobor-

10 511 15 561 'l
71 520 164 596 tibus,
186 537 223 581 ne
241 536 297 596 qua
312 519 441 596 suspicio
457 529 637 597 moveretur,
655 529 684 579 et
699 518 871 599 spectaculo
888 518 1006 598 publico
1025 538 1080 600 per

72 601 331 664 dissimulationem
347 603 475 663 interfuit
489 612 518 664 st
532 604 668 681 formam,
688 620 744 682 qua
765 601 861 662 ludum
876 602 1078 680 gladiatorium

52 697 137 750 uerat
149 685 363 764 aedificaturus,
380 686 574 748 consideravit
584 696 614 748 et
627 705 665 748 ex
677 686 884 748 consuetudine
897 687 1032 748 convivio
1044 707 1078 748 se

10 767 12 836 l
71 771 219 850 frequenti
239 769 326 830 dedit.
368 769 443 832 Dein
461 779 530 851 post
547 769 619 831 solis
635 787 789 850 occasum,
810 770 894 832 mulis
911 789 927 830 e
944 772 1077 848 proximo

10 841 13 916 l
73 855 196 935 pistrino
215 853 251 913 ad
266 853 428 916 vehiculum
443 856 562 932 iunctis,
585 855 808 916 occultissimum
824 856 880 914 iter
896 854 1011 916 modico
1028 873 1076 916 co·

10 935 12 986 l
73 940 172 1000 mitutu
192 938 343 1014 ingressus
360 947 419 1008 est;
445 949 559 999 etcum
581 937 734 998 luminibus
750 939 884 1000 extinctis
899 937 1078 1000 decessisset

19 1089 21 1096 ,
72 1025 136 1098 ria,
160 1021 208 1081 diu
232 1020 426 1100 errabundus,
449 1022 563 1083 tandem
587 1021 623 1083 ad
648 1021 742 1084 lucem
766 1021 839 1084 duce
863 1031 1000 1101 reperto,
1024 1041 1077 1103 per

45 1105 298 1184 naugustissimos
313 1107 441 1167 tramites
457 1106 580 1185 pedibus
595 1107 704 1174 evasit;
722 1113 956 1186 consecutusque
972 1107 1076 1168 cobor-
1147 1131 1149 1136 ¹

74 1192 110 1250 tis
123 1190 161 1250 ad
174 1188 354 1250 Rubiconem
369 1190 489 1268 flumen,
505 1190 737 1269 qui.provinciae
753 1192 815 1252 eius
832 1190 896 1250 linis
912 1198 991 1267 erat,
1007 1209 1076 1270 pau·

10 1295 11 1308 ¹
73 1275 129 1334 lum
150 1273 293 1350 constitit,
316 1291 350 1334 ao
371 1284 509 1353 reputans
525 1283 660 1353 quantum
675 1273 841 1352 moliretur,
864 1291 1024 1336 conversus
1041 1275 1078 1336 ud

10 1401 11 1434 q
73 1359 225 1437 proximos
247 1354 352 1418 Etiam
373 1377 453 1419 nuno
478 1359 569 1436 inquit
593 1357 719 1438 repredi
734 1375 922 1436 possumse;
943 1359 1027 1439 quod
1048 1358 1096 1474 sip

70 1441 261 1520 ponticellum
293 1442 525 1518 transierimus,
541 1467 543 1474 ·
559 1443 663 1502 omniu
694 1442 791 1502 amnis
823 1441 946 1522 opeodo
977 1449 1074 1504 erum.

10 1523 11 1568 l
40 1525 227 1588 incunctanti
245 1533 386 1586 ostentum
407 1525 465 1586 tale
480 1525 586 1587 iactum
603 1535 657 1586 est.
702 1526 823 1602 Quidam
844 1527 948 1587 eximia
968 1527 1119 1604 magni-32

10 1569 12 1718 l
72 1611 172 1672 tudine
188 1617 217 1669 et
237 1609 331 1670 forma
346 1611 375 1670 in
395 1610 529 1688 proximo
545 1608 650 1670 sedens
664 1619 787 1689 repente
803 1611 951 1689 apparuit,
973 1610 1075 1670 barun-

10 1739 11 1744 η
72 1695 139 1754 dine
156 1711 279 1763 canens;
303 1693 338 1752 ad
358 1712 443 1772 quem
459 1693 628 1754 audiendum
644 1713 708 1754 cum
724 1701 843 1772 praeter
858 1701 993 1773 pastores
1013 1693 1075 1773 plu·

10 1833 11 1844 2
72 1779 135 1838 rimi
157 1777 242 1837 etiam
264 1795 301 1836 ex
321 1777 491 1838 stationibus
512 1777 617 1837 milites
633 1779 848 1838 concurrissent
867 1777 1000 1855 interque
1023 1795 1075 1838 eos

73 1871 102 1922 et
117 1870 308 1938 aeneatores‚
330 1857 424 1940 rapta‘
434 1861 470 1922 ab
486 1878 542 1922 uno
566 1861 633 1922 tuba
650 1861 795 1941 prosilivit
814 1860 851 1922 ad
871 1859 975 1920 llumen
991 1869 1020 1920 et
1035 1862 1074 1920 in-

41 1946 154 2023 rogenti
176 1944 278 2023 spiritu
301 1943 454 2006 classicum
475 1962 600 2007 exorsus
616 1944 761 2024 pertendit
778 1943 955 2006 debeltorum
970 1945 1073 2023 ripam.

10 2035 13 2122 l
72 2029 154 2090 l'unc
176 2026 286 2089 Caesar
307 2026 410 2091 umor
430 2030 533 2109 inquit,
555 2047 614 2109 quo
639 2029 766 2092 deorum
787 2034 908 2091 ostento
929 2035 959 2090 et
974 2029 1072 2090 inimi·

10 2123 12 2176 i
72 2130 179 2174 corone
200 2112 348 2192 iniquitas
362 2121 463 2177 oooat.
499 2111 595 2174 doctu
613 2113 685 2174 olea
700 2119 763 2189 est,
786 2113 886 2193 inquit.
922 2112 1019 2192 Atque
1036 2115 1117 2174 ita33

10 2211 11 2264 3
71 2197 196 2257 traiecto
218 2199 364 2274 exercitu,
385 2197 518 2258 adhibitis
534 2197 654 2259 tribunis
672 2198 784 2277 plebis,
809 2198 859 2276 qui
880 2197 956 2276 pulsi
973 2215 1073 2276 super·

10 2281 11 2352 i
71 2287 228 2358 venerant,
246 2297 300 2359 pro
317 2282 452 2342 contione
464 2281 549 2343 iidem
559 2283 678 2343 militum
689 2283 763 2343 llens
778 2300 813 2342 nc
828 2289 910 2342 veste
923 2299 939 2342 a
952 2289 1074 2359 pectore

10 2359 12 2382 ⁸
37 2364 196 2425 redisoissa
213 2365 367 2426 invocavit.
412 2365 598 2426 Existimetur
613 2368 697 2428 etiam
718 2372 873 2447 equestres
888 2382 993 2424 census
1010 2364 1073 2442 pol·

71 2449 168 2508 licitus
191 2449 326 2525 singulis
349 2449 426 2530 quod
450 2448 554 2510 accidit
574 2452 710 2529 opinione
736 2451 819 2512 tnlsn.
862 2447 935 2507 Nam
960 2465 1024 2508 cum
1046 2449 1074 2506 in

10 2569 12 2638 q
72 2531 257 2610 adloquendo
286 2531 525 2612 exhortandoque
554 2533 670 2613 saepius
696 2533 815 2612 digitum
841 2532 944 2593 laevae
974 2549 1074 2590 manus

10 2643 12 2696 q
73 2623 222 2676 ostentans
243 2615 421 2694 adfirmaret,
450 2635 482 2675 sc
511 2616 548 2677 ad
568 2619 638 2678 satis
660 2617 824 2678 laciendum
845 2614 992 2693 omnibus,
1020 2634 1074 2694 per

74 2715 148 2778 quos
160 2699 326 2778 dignitatem
337 2719 417 2762 suam
430 2699 603 2762 defensurus
613 2711 710 2777 esset,
724 2700 837 2762 anulum
849 2717 967 2779 quoque
977 2717 1073 2778 nequo

10 2809 11 2812 ¹
40 2801 63 2842 no
74 2784 167 2842 animo
184 2782 375 2845 detracturum
392 2783 460 2862 sibi,
483 2793 611 2846 extrema
627 2787 738 2863 contio,
760 2787 805 2847 cui
824 2784 937 2845 facilius
954 2791 1017 2844 crat
1033 2786 1073 2843 vi·

73 2866 142 2926 dere
158 2867 369 2928 contionantem
380 2887 464 2948 quam
477 2868 593 2946 audire,
609 2888 663 2948 pro
678 2870 755 2930 dioto
767 2869 898 2947 accepit,
917 2867 995 2947 quod
1011 2869 1073 2927 visu

10 2939 15 2962 *
72 2950 288 3030 suspicabatur;
312 2953 543 3032 promissumque
564 2955 608 3014 ius
629 2954 777 3014 anulorum
794 2972 858 3014 curn
875 2953 989 3013 milibus
1005 2970 1072 3030 qua-

65 3034 235 3115 dringenis,
250 3037 325 3098 laura
339 3036 456 3098 distulit.

138 3118 217 3180 Ordo
235 3123 264 3180 et
279 3139 387 3182 summa
404 3139 517 3198 rerum,
540 3139 613 3199 quas
628 3121 768 3200 deinceps
782 3121 895 3198 gessit,
918 3121 961 3181 sic
976 3137 1009 3180 se
1023 3119 1071 3178 ba·
1082 3133 1116 3186 34

35 3203 150 3283 sebeut.¹
163 3253 166 3260 ,
181 3201 330 3283 ΙΡιόειιιιῐιι
345 3203 491 3281 Umbriam
508 3204 651 3266 Etruriam
671 3205 842 3284 occupavit,
867 3213 896 3264 et
911 3204 1000 3264 Lucio
1015 3201 1072 3262 Do·
1184 3197 1187 3202 ’

69 3288 166 3365 mitio,
194 3289 243 3369 qui
262 3307 316 3370 per
337 3288 484 3349 tumultum
505 3306 659 3349 successor
684 3289 714 3349 ei
735 3291 896 3348 nominatus
918 3285 1073 3348 Goriinlum

71 3371 219 3450 praesidio
234 3371 369 3450 tenebat,
387 3373 415 3432 in
432 3371 574 3434 dicionem
589 3373 709 3434 redacto
725 3381 811 3452 atque
828 3371 954 3448 dimisso,
971 3388 1072 3430 secun·

72 3455 136 3516 dum
153 3455 296 3536 Superum
314 3474 394 3516 mare
411 3455 591 3518 Brundisium
607 3457 745 3534 tetendit,
768 3473 827 3535 quo
840 3455 975 3516 consules
990 3455 1072 3515 Pom·

10 3497 11 3510 u

10 3511 12 3530 l

10 3531 11 3546 l
