2412 3876
415 171 540 222 torvus
557 170 745 222 nuousuus.
1059 158 1101 222 63
1182 245 1184 250 Ι

7 321 8 330 ’
100 349 137 392 ac
159 327 322 404 nominatim
347 327 479 404 singulos
501 325 579 386 nullo
603 323 809 394 submonente;
840 326 925 385 etiam
947 324 1103 385 discedens

7 419 8 446 ³
101 412 205 474 eodem
228 411 313 476 modo
334 409 500 470 sedentibus
518 409 620 470 valere
641 408 764 470 dicebat.
798 407 901 470 Officia
924 427 987 468 cum
1005 409 1101 469 multis

79 565 80 568 Ἴ
100 506 199 558 mutuo
214 497 362 572 exercuit,
384 512 439 554 neo
455 494 534 573 prius
550 492 612 552 dies
628 495 766 571 cuiusque
788 493 946 553 sollemnes
966 493 1100 572 frequen-

100 591 163 640 tare
178 578 277 656 desiit,
296 597 379 658 quam
394 577 497 655 grandi
513 578 567 638 iam
583 583 650 637 natu
667 585 697 635 et
712 577 741 635 in
756 576 838 637 turba
855 575 996 656 quondam
1012 593 1099 656 spon·

100 665 237 724 saliorum
258 661 305 721 die
325 671 455 722 vexatus.
498 660 609 722 Gallum
633 659 792 720 l'errinium
819 669 982 720 senatorem
1009 662 1101 721 minus

100 747 155 824 sibi
174 746 361 821 familiarem,
382 745 434 806 sed
457 743 571 825 captdm
590 752 712 823 repente
734 745 827 805 oculis
849 753 878 803 et
900 743 937 804 ob
959 743 987 802 id
1006 744 1100 805 inedia

99 831 172 891 mori
189 829 377 889 destinantem
390 846 532 906 praesens
549 826 727 888 consolando
742 829 892 888 revocavit
907 827 943 888 ad
960 829 1057 888 vitam.

162 913 195 972 ln
211 921 310 972 senatu
325 911 416 972 verba
428 912 546 972 facienti
561 911 667 970 dictum
685 919 744 971 est:
761 910 832 973 Non
851 911 1003 987 intellexi,
1020 917 1048 971 et
1064 908 1145 977 absa

100 999 174 1058 alio:
198 993 450 1056 Contradicerem
466 995 535 1072 tibi,
550 994 580 1056 si
593 994 693 1055 locum
708 994 861 1056 haberem.
901 994 1046 1056 interdum
1063 995 1101 1054 ob

64 1079 267 1140 mimmodioas
293 1079 514 1158 disceptantium
536 1079 742 1139 altercationes
764 1098 781 1139 e
801 1079 879 1140 curia
900 1097 954 1159 per
973 1081 1045 1139 iram
1069 1096 1101 1138 sc

100 1164 271 1244 proripienti
289 1162 403 1243 quidam
417 1163 618 1242 ingesserunt,
634 1161 727 1223 licere
741 1170 886 1242 oportere
902 1160 1102 1224 senatoribus

100 1249 139 1308 de
153 1264 235 1326 rep.
261 1245 353 1326 loqui.
387 1246 529 1307 Antistius
551 1246 649 1306 Labeo
673 1256 791 1308 senatus
806 1247 951 1323 lectione,
973 1265 1037 1306 cum
1057 1247 1102 1305 vir

99 1334 192 1391 virum
207 1329 335 1408 legeret,
351 1329 389 1390 bl.
405 1327 544 1409 lepidum
556 1329 670 1390 bostem
687 1330 755 1391 olim
773 1332 835 1391 eius
851 1340 879 1390 et
899 1341 967 1392 tunc
983 1331 1100 1390 exulan·

99 1424 158 1476 tem
181 1415 271 1491 legit,
296 1415 548 1493 interrogatusque
570 1414 606 1473 ab
633 1431 669 1473 eo
693 1432 730 1473 an
750 1423 849 1474 essent
869 1414 916 1474 alii
939 1415 1100 1492 digniores,

64 1519 90 1560 ιι
100 1515 189 1560 suam
206 1513 351 1579 quamque
365 1496 511 1560 iudicium
525 1496 641 1558 babere
655 1498 816 1575 respondit.
849 1497 913 1557 Nec
928 1498 994 1559 ideo
1014 1497 1100 1558 liber·

102 1592 147 1643 tas
164 1589 212 1642 aut
227 1582 406 1642 contumacia
421 1581 515 1656 fraudi
531 1582 661 1660 cuiquam
676 1581 736 1640 luit.
766 1580 861 1640 Etiam
880 1599 1001 1659 sparsos
1017 1582 1144 1647 decess

100 1665 224 1726 incuria
246 1665 374 1726 lamosos
396 1664 513 1725 libellos
533 1683 588 1724 neo
611 1666 729 1742 expavit
749 1674 778 1723 et
797 1682 902 1742 magna
919 1683 988 1725 cura
1003 1663 1100 1725 redar-

99 1751 161 1826 guit
184 1767 218 1809 aa
242 1766 279 1808 ne
298 1749 444 1827 requisitis
468 1748 584 1826 quidem
604 1747 785 1825 auctoribus,
813 1748 842 1808 id
867 1748 953 1808 modo
980 1749 1101 1823 censuit,

101 1831 338 1909 cognoscendum
353 1831 474 1910 posthac
489 1832 525 1892 dc
539 1833 590 1908 iis,
608 1833 655 1912 qui
673 1831 789 1892 libellos
804 1841 852 1892 aut
868 1833 993 1892 carmina
1009 1831 1044 1891 ad
1060 1832 1100 1889 in·
1124 1909 1126 1914 ,

64 1916 216 1980 salamiam
230 1915 385 1994 cuiuspiam
400 1915 452 1977 sub
469 1917 564 1976 alieno
580 1917 693 1976 nomine
709 1916 803 1986 edant.

162 1997 241 2059 Iocis
257 2017 371 2078 quoque
383 2000 560 2079 quorundam
575 1999 723 2059 invidiosis
738 2009 784 2059 aut
798 1997 993 2080 petulantibus
1006 1999 1099 2061 laces·
1109 2002 1144 2058 56

7 2087 9 2162 i
100 2085 187 2157 situs,
205 2083 376 2144 contradixit
390 2083 495 2146 edicto.
524 2083 562 2143 Et
578 2092 672 2143 tamen
684 2101 720 2142 ne
732 2083 768 2143 de
781 2083 934 2144 inhibenda
946 2093 1099 2144 testamen·

99 2175 194 2228 torum
205 2166 321 2226 licentia
334 2167 485 2247 quicquam
497 2169 735 2244 constitueretur,
750 2169 926 2228 intercessit.
958 2168 1100 2250 Ωιι-(ωε

98 2249 315 2330 magistratuum
331 2252 454 2311 comitiis
468 2251 637 2338 ithsset,
659 2251 749 2311 tribus
772 2270 836 2312 cum
857 2252 1014 2313 candidatis
1041 2252 1101 2312 suis

63 2354 90 2394 ao
101 2332 241 2396 circuibat
256 2334 497 2414 supplicabatque
512 2353 592 2396 more
606 2335 747 2396 sollemni.
777 2335 904 2395 Ferebat
919 2344 949 2396 et
963 2336 1028 2414 ipse
1042 2333 1100 2394 sul-

98 2419 223 2494 lragium
242 2418 270 2477 in
292 2418 383 2495 tribu,
403 2428 435 2478 ut
455 2438 526 2479 unus
549 2437 566 2478 c
588 2419 709 2498 populo.
748 2418 865 2479 Testem
885 2435 919 2482 sc
939 2419 968 2479 in
987 2417 1102 2482 iudiciis

99 2511 129 2561 et
145 2502 320 2578 interrogari
341 2510 371 2562 et
392 2502 503 2579 refelli,
525 2504 701 2581 aequissimo
725 2503 817 2562 animo
842 2500 1014 2581 patiebatur.
1042 2499 1115 2560 lto--

98 2602 160 2645 rum
186 2586 335 2661 angustius
361 2585 444 2663 lecit,
476 2603 533 2646 nou
557 2604 642 2646 ausus
669 2595 846 2666 extorquere
877 2583 1102 2665 possessoribus

99 2669 247 2748 proximas
263 2668 374 2728 domos.
406 2669 564 2748 Numquam
579 2670 655 2730 filios
671 2687 739 2729 suos
755 2669 866 2749 populo
890 2668 1101 2730 commendavit

65 2762 89 2804 ³⁰
100 2761 132 2820 ut
145 2768 204 2812 non
221 2751 362 2814 adiceret:
387 2751 640 2814 stomomate.
672 2753 790 2813 Eisdem
805 2755 994 2833 praetentatis
1008 2752 1100 2813 adbuc

99 2845 294 2900 assurrectum
310 2836 346 2899 ab
367 2837 511 2898 universis
529 2839 557 2896 in
578 2836 692 2898 theatro
714 2846 743 2897 et
767 2856 782 2897 a
803 2835 942 2897 stantibus
957 2837 1101 2916 plausum,

98 2919 272 2997 gravissime
296 2926 414 2999 questus
438 2930 496 2994 est,
527 2921 647 2982 Amicos
668 2921 707 2982 ita
727 2937 848 2999 magnos
871 2931 900 2980 et
921 2928 1057 3000 potentes
1072 2921 1100 2978 in

7 3011 10 3074 ἐ
99 3002 217 3066 civitate
234 3021 301 3069 esse
315 3004 423 3082 voluit,
441 3015 471 3067 ut
486 3014 580 3066 tamen
594 3006 657 3085 pari
678 3007 741 3065 iure
758 3013 858 3065 essent
879 3023 936 3084 quo
953 3005 1043 3065 ceteri
1058 3001 1101 3064 le·

98 3084 245 3173 gibusqu'e,
266 3088 421 3149 iudiciariis
442 3107 535 3169 aeque
556 3098 732 3150 tenerentur.
774 3087 845 3149 Cum
866 3087 1018 3169 Asprenas
1040 3084 1100 3147 No·

62 3173 163 3235 senius
189 3172 278 3235 artius
303 3173 330 3231 ei
355 3175 467 3234 iunctus
494 3192 608 3236 causam
633 3173 783 3250 veneficii,
811 3181 967 3235 accusante
996 3169 1099 3231 Cassio

98 3255 229 3332 Severo,
247 3252 368 3334 diecret,
384 3257 527 3317 consuluit
539 3264 678 3334 senatum,
696 3256 771 3336 quid
786 3255 943 3335 ostiolisaa‘
950 3261 1100 3334 potorst;

7 3369 9 3406 t
60 3368 64 3376 s
98 3339 241 3402 cunctari
254 3339 332 3400 emim
347 3358 397 3419 sc,
412 3359 451 3401 ne
467 3341 498 3400 si
510 3346 700 3419 superesset,
723 3340 845 3420 cripere
862 3337 981 3417 tepidos
1002 3354 1099 3412 reum,

7 3429 8 3434 ’
94 3423 145 3486 sto
163 3423 305 3502 deesset,
315 3424 479 3486 destituere
493 3443 533 3486 uc
542 3425 777 3503 praedamnare
793 3421 923 3505 amicum
941 3420 1098 3482 existimo·
