2408 3870
236 152 348 198 XXXVI
581 151 790 202 PRAEFATIO.

237 317 267 368 ut
282 313 332 383 qui
346 341 385 352 -
410 311 542 384 obtuparet
558 342 600 352 -
627 318 654 368 et
676 313 856 369 descenderit.
902 313 952 370 Sia
979 312 1052 369 anim
1073 311 1149 370 libri.

239 395 316 464 Quae
338 397 464 468 exempla
481 413 515 454 eo
532 395 665 452 libentius
682 398 833 469 oongessi,
855 397 930 469 quod
953 395 1085 454 nonnulla
1108 404 1152 453 te·

238 497 314 538 mere
336 480 364 534 in
388 481 441 535 hae
456 497 567 552 quoque
590 480 716 538 editione
739 482 773 537 ad
794 483 920 552 regulam
939 482 1007 537 artie
1022 487 1151 537 eorreetu

239 569 310 621 sunt.

266 719 269 725 Ι
299 649 330 704 Ιιι
354 649 581 722 orthographicis
598 650 683 705 rebus
706 666 761 707 non
776 649 921 721 vulgarem
944 648 1081 707 rationem
1099 649 1152 705 ob-

238 734 362 803 servavi,
379 739 408 788 nt
421 740 526 790 eertum
542 734 663 805 aliquem
676 733 819 790 scribendi
832 733 941 790 modurn
953 733 998 790 vel
1013 733 1152 790 vetustio-

237 834 297 875 rem
315 819 360 875 vol
376 818 564 874 reeentiorem
586 818 726 874 mordicus
743 818 894 874 retinerem
914 824 944 874 et
963 816 1152 889 ludimagistri

238 903 327 968 instar
342 919 393 975 per
409 908 492 958 totam
508 901 658 960 editionem
680 891 851 960 inculearem
867 899 938 976 (hoo
960 902 1032 958 euim
1051 902 1152 972 legen-

238 987 314 1044 tibus
333 986 543 1056 relinquendum
561 986 649 1056 duoo,
672 987 718 1057 qui
734 986 869 1058 quidquid
886 987 985 1043 oeulos
1001 985 1153 1043 offenderit

233 1071 389 1128 emendare
404 1069 516 1125 seilieet
530 1066 675 1146 poterunt)
691 1072 742 1127 sed
756 1071 860 1142 ultique
877 1071 1011 1130 librorum
1026 1069 1153 1127 auetori-

239 1155 289 1211 tati
312 1155 464 1210 obsecutus
487 1171 556 1210 sum.
602 1153 709 1220 Quodsi
732 1155 830 1225 negari
851 1171 908 1214 uun
929 1161 1040 1228 potest,
1069 1171 1151 1210 unum

239 1237 594 1310 eundemqueseriplorem
608 1238 681 1296 intra
698 1239 779 1295 unius
794 1240 916 1312 paginae
935 1239 1053 1312 spatium
1070 1239 1152 1294 deum

239 1329 268 1380 et
285 1323 415 1392 deorum,
434 1324 602 1395 uectipalium
623 1330 651 1380 et
671 1325 892 1396 pampalia-om,
912 1323 1009 1395 quibas
1029 1329 1058 1378 et
1079 1326 1152 1394 quis,
1197 1315 1203 1327 ’

239 1407 322 1464 aedes
347 1412 376 1464 et
397 1407 489 1478 aedas,
511 1412 567 1462 tres
588 1413 616 1463 et
635 1411 701 1480 tris,
724 1413 864 1464 veterent
885 1409 980 1477 neeri,
1000 1407 1103 1463 dextra
1125 1413 1154 1462 et

238 1493 365 1563 deutero,
373 1492 531 1548 adolescere
546 1492 766 1549 eteduleseentee
781 1499 810 1548 et
820 1493 903 1548 multa
919 1491 1021 1548 similia
1035 1491 1153 1547 adidem

239 1576 394 1648 exemplum
419 1575 587 1648 scripsisse,
611 1577 707 1648 quidni
731 1583 831 1632 noctus
847 1593 959 1650 quoque
980 1582 1008 1632 et
1021 1581 1153 1645 nanetus,

160 1660 163 1665 ’
237 1660 287 1716 sed
302 1666 330 1716 et
342 1666 399 1730 set,
418 1662 530 1733 conlepo
548 1667 577 1716 et
591 1663 747 1733 callepium,
767 1659 886 1733 adferre
905 1662 1060 1730 etetlotas,
1078 1675 1152 1715 oom-

234 1747 339 1817 paraoi
352 1751 380 1799 et
395 1750 603 1816 conponuntur,
620 1747 732 1802 coloniis
751 1752 779 1800 et
794 1747 912 1815 colonis,
934 1745 996 1800 obiit
1011 1751 1039 1800 et
1054 1743 1108 1800 obit
1120 1737 1153 1799 ¹et

238 1825 450 1907 innumerabilia
468 1830 497 1885 id
514 1845 602 1900 genus
620 1830 675 1886 alia
694 1831 767 1886 idern
786 1830 909 1900 seriptor
927 1828 1088 1898 admiserit,
1104 1828 1151 1884 vel

239 1913 354 1971 auribus
374 1914 420 1968 vel
435 1913 548 1969 'iudicio
565 1914 610 1969 vel
635 1914 711 1969 casui
731 1905 950 1985 obtemperans?
973 1911 1040 1970 Nam
1055 1913 1152 1970 edmo-

239 1999 301 2054 dum
319 2013 407 2069 pauoa
424 1997 451 2051 in
466 1997 510 2052 his
527 1997 611 2052 rebus
629 1998 732 2054 seimus
748 1995 776 2052 et
789 1999 870 2070 plura
888 1996 1015 2053 distendi
1033 1996 1152 2052 laoultas

239 2081 341 2148 tamdiu
359 2083 485 2152 adempta
503 2080 565 2150 erit,
585 2081 714 2152 quamdiu
731 2087 937 2153 oonsequontes
956 2097 1035 2150 esse,
1054 2086 1084 2135 ut
1098 2081 1151 2135 lao-

179 2177 181 2182 ·
240 2165 339 2220 diurno
356 2165 443 2237 verto
459 2171 538 2234 utar,
555 2165 584 2220 id
599 2172 643 2221 est
658 2165 808 2238 opiniones
824 2170 853 2220 et
870 2164 1043 2237 praeiudieia
1059 2164 1152 2234 sequi,

242 2264 320 2320 quarn
346 2254 510 2305 vetustatem
541 2250 692 2320 explorare
720 2249 862 2306 malumus.
906 2247 1057 2320 Numquam
1086 2263 1152 2319 per-

241 2339 338 2406 speota
357 2339 433 2388 osset
454 2330 571 2407 Notkeri
594 2339 622 2389 et
641 2333 865 2405 sangallensium
886 2331 935 2390 illa
958 2333 1074 2403 regula,
1098 2347 1151 2402 qua

240 2417 323 2474 mado
334 2415 456 2472 brunater
467 2417 564 2473 dolator
573 2424 626 2489 pot,
637 2418 719 2475 modo
730 2418 858 2489 pmtoder
869 2416 956 2473 latter
969 2422 1014 2471 cot
1025 2413 1154 2488 eampse?

240 2507 313 2572 nutat,
330 2501 384 2558 nisi
399 2516 502 2558 summa
519 2517 578 2557 auur
596 2502 649 2558 lide
663 2518 759 2560 eorum
773 2502 879 2574 seripta
896 2516 1031 2575 expressa
1044 2503 1150 2556 essent.

240 2585 294 2640 Est
314 2586 401 2657 igitur
421 2587 601 2642 vehementer
623 2588 788 2660 optandum,
817 2591 846 2640 ut
870 2586 980 2642 tandem
1001 2583 1150 2656 aliquando

241 2669 351 2742 puerile
371 2669 440 2725 illud
459 2671 678 2741 consequentiae
698 2670 819 2726 studium
840 2670 936 2727 valere
954 2669 1099 2726 iubeamus
1123 2671 1152 2722 et

241 2756 291 2810 lias
314 2769 424 2825 qaoque
448 2753 577 2810 minutias
602 2756 637 2811 ad
659 2755 748 2811 libros
776 2751 929 2826 exigamus.
975 2751 1150 2809 Fidissimum

240 2837 339 2894 ducam
358 2837 489 2894 tatanus
505 2837 533 2894 in
546 2837 684 2895 Suetonio
699 2833 888 2896 Memmianum
906 2837 1050 2909 eodioem,
1069 2834 1149 2893 auius

242 2919 461 2993 orthographica
472 2923 646 2978 eonsuetudo
663 2923 698 2980 od
710 2921 800 2979 libros
811 2923 1010 2996 palimpsestos
1021 2921 1149 2994 proxime

239 3004 366 3070 adsedit:
388 3021 449 3061 eum
463 3004 550 3077 igitur
568 3005 683 3077 duoem,
705 3007 871 3078 ubieunque
886 3006 946 3064 lteri
962 2999 1090 3081 posseffi)
1106 3004 1149 3061 vi-

242 3111 443 3130 —h-——u--u

310 3167 355 3231 25)
376 3165 454 3233 Sequi
471 3169 541 3220 uolui
562 3171 587 3219 in
603 3178 690 3236 aperte
705 3169 779 3223 ielsls
793 3178 822 3224 ut
838 3175 980 3234 provintie,
1002 3170 1069 3236 quod
1089 3169 1148 3220 Nie-

242 3234 306 3288 buhr
323 3237 453 3303 probavit,
472 3239 569 3288 nummi
584 3239 733 3304 lapidesque
750 3241 879 3293 damnant.
915 3241 1055 3292 Admittere
1070 3253 1147 3290 ausus

242 3319 292 3356 non
315 3319 384 3366 sum,
407 3305 516 3357 tortasse
535 3308 639 3369 iniuria,
656 3307 835 3362 drinoeerotem
852 3309 978 3362 [irionem
995 3307 1110 3358 Haedum
1124 3315 1148 3356 et
1169 3309 1171 3311 ’

240 3374 369 3430 Hrodioar
389 3376 425 3425 aie
447 3375 559 3426 enimin
580 3375 731 3430 Memmiana
749 3379 856 3443 aliisque
877 3379 947 3430 libris
968 3379 1090 3444 scriptum
1108 3391 1148 3427 re-

241 3443 320 3510 perio,
337 3442 380 3507 qui
397 3443 474 3494 iidem
487 3445 609 3498 rhetorem
621 3447 731 3498 Rhenum
745 3447 892 3502 Rhadaman,
905 3449 978 3498 solito
992 3461 1062 3498 more
1075 3459 1147 3511 pree·
