2444 3872
382 199 387 206 '
482 212 586 260 nrvus
605 211 788 260 eusebius
1073 201 1133 262 157

130 377 357 446 repraesentans
373 385 427 446 pro
445 385 536 452 opera
547 367 662 444 diguam
675 369 779 446 cuique
793 366 968 428 mercedem.
1012 367 1133 428 Artiore

131 462 227 512 autem
253 469 364 512 annona
391 450 429 512 ob
449 441 585 512 assiduas
612 451 797 529 sterilitates,
830 450 963 513 detentus
990 451 1133 550 quondam

130 535 227 596 medio
252 535 318 596 loro
340 555 356 596 a
380 535 475 596 turba
485 535 686 636 conviciisque
702 545 731 595 et
746 535 829 596 simul
847 534 1035 634 fragminibus
1051 539 1133 615 panis

131 623 170 680 ita
186 619 355 696 infestatus,
381 629 411 678 ut
426 637 516 698 aegre
532 637 588 679 uec
605 621 660 678 nisi
676 621 793 698 postico
808 619 960 680 evadere
951 638 980 678 m
994 619 1133 680 Palatium

102 702 272 781 evaluerit,
288 703 358 763 nihil
376 721 434 764 non
455 703 636 780 excogitauit
651 703 687 764 ad
703 703 884 764 inuehendos
901 705 986 764 etiam
1000 713 1133 784 tempore

130 787 256 848 hiberno
275 797 460 848 commeatus.
494 787 566 848 Nam
581 795 610 847 et
624 787 855 866 negotiatoribus
870 798 951 850 certa
969 787 1049 849 lucra
1065 805 1133 870 pro·

130 871 246 952 posuit,
271 881 411 951 suscepto
432 872 462 932 in
483 891 516 932 se
538 871 656 949 damno,
683 873 707 932 si
729 874 774 932 cui
791 872 858 952 quid
873 891 928 953 per
943 880 1132 952 tempestates

131 954 305 1034 accidisset,
328 965 357 1015 et
377 973 467 1016 naves
487 965 668 1016 mercaturae
690 974 777 1016 causa
797 955 1004 1018 fabricantibus
1029 974 1133 1034 magna

132 1040 283 1102 commoda
298 1042 446 1101 constituit
460 1058 513 1120 pro
528 1041 695 1100 conditione
703 1043 861 1119 cuiusque;
879 1043 935 1101 ciui
950 1043 1132 1102 vacationem
1143 1057 1176 1110 19

1 1181 2 1188 ,
92 1113 211 1203 relegis
222 1125 330 1204 Papiae
344 1124 516 1204 Poppaeae,
527 1115 664 1186 'balino
654 1143 698 1184 rus
711 1126 875 1202 Quiritium,
894 1125 1029 1186 lerninis
1020 1143 1064 1186 rus
1078 1115 1217 1252 IIIV

130 1209 305 1278 liberorum;
322 1227 397 1288 quae
417 1209 569 1269 constituta
585 1208 732 1288 hodieque
747 1218 908 1270 serrantur.

195 1291 291 1372 Opera
307 1311 411 1371 magua
429 1295 582 1372 potiusque
599 1295 767 1354 necessaria
789 1311 872 1373 quarn
892 1294 980 1354 multa
995 1293 1176 1372 perfeciton

131 1377 185 1437 sed
205 1377 252 1437 vel
274 1379 450 1457 praecipua:
469 1377 583 1437 ductum
598 1395 735 1456 aquarum
751 1396 768 1437 a
785 1377 856 1439 Gaio
870 1377 1049 1455 inchoatum,
1064 1379 1132 1438 item
1158 1396 1193 1428 w

131 1462 310 1522 emissarium
331 1461 431 1522 Fucini
456 1462 537 1522 lacus
559 1471 732 1541 portumque
755 1460 936 1538 Ostiensem,
963 1480 1133 1542 quamquam

90 1563 121 1604 ιι
132 1548 222 1606 sciret
237 1563 275 1606 ex
290 1548 326 1605 iis
341 1546 461 1606 alterurn
483 1545 519 1606 ab
537 1546 672 1623 Augusto
694 1544 880 1625 precantibus
897 1544 1013 1606 assidue
1027 1545 1132 1607 Marsis

1 1625 3 1634 ’
129 1638 282 1707 negatum,
302 1631 422 1690 alterurn
437 1649 453 1689 a
468 1629 543 1689 Divo
558 1629 632 1689 lulio
648 1630 765 1708 saepius
780 1629 951 1689 destinatum
965 1648 1000 1690 ac
1012 1639 1133 1709 propter

130 1713 329 1774 diiiicultatem
338 1715 484 1774 omissum.
498 1712 636 1775 Claudiae
646 1713 863 1792 aquaegelidos
873 1722 903 1773 et
912 1712 1018 1772 uberes
1025 1714 1132 1790 lentes,

130 1813 252 1877 quorum
272 1798 356 1858 alteri
381 1797 544 1874 Caeruleo,
566 1797 651 1858 alteri
672 1797 772 1858 Ourtio
793 1807 822 1857 et
839 1797 1008 1874 Albudigno
1028 1815 1134 1857 nomen

131 1892 194 1958 est,
223 1883 364 1960 simulque
386 1883 478 1942 rivum
492 1880 614 1942 Anienis
636 1883 704 1942 novi
725 1881 843 1960 lapideo
864 1899 957 1960 opere
983 1882 1011 1940 in
1033 1881 1134 1941 urbem

88 1985 121 2026 ιι
131 1965 284 2046 perduxit,
303 1965 458 2045 divisitque
474 1968 502 2025 in
520 1965 660 2044 plurimos
677 1975 705 2025 et
722 1964 920 2026 ornatissimos
936 1965 1026 2026 lacus.
1048 1964 1132 2024 Fuci-

129 2067 198 2110 num
218 2050 375 2127 adgressus
390 2059 452 2127 est,
474 2067 531 2110 non
548 2051 641 2110 minus
656 2050 819 2129 compendii
836 2069 890 2130 spe
908 2067 992 2128 quarn
1006 2049 1132 2127 gloriae,

131 2153 197 2194 cum
219 2132 332 2214 quidam
347 2130 461 2213 priuato
477 2142 589 2214 sumptu
608 2135 765 2193 emissuros
780 2153 813 2194 se
829 2137 1079 2212 repromitterent,
1109 2135 1133 2192 si

119 2217 304 2299 ,sibisiccati
319 2219 382 2296 agri
399 2217 639 2279 concederentur.
662 2218 718 2280 Per
732 2219 786 2278 tria
802 2227 896 2278 autem
907 2236 1042 2299 passuum
1056 2217 1151 2296 milia¹

130 2304 235 2382 partim
251 2303 370 2363 eciosso
387 2311 485 2363 monte
499 2303 603 2382 partim
621 2303 740 2379 exciso,
757 2302 887 2363 canalem
901 2302 1027 2363 absolvit
1042 2320 1132 2380 aegre

89 2407 120 2448 rs
131 2395 162 2447 et
184 2394 251 2465 post
271 2386 402 2446 undecim
429 2404 535 2463 annos,
566 2388 696 2465 quamvis
722 2387 864 2447 continuis
885 2385 970 2446 XXX
988 2386 1133 2446 hominum

129 2469 246 2531 milibus
268 2472 330 2530 sine
353 2471 567 2530 intermissione
594 2470 791 2549 operantibus.
822 2471 940 2530 Portum
963 2468 1061 2530 Ostiae
1083 2489 1133 2529 ex·

129 2555 235 2630 truxit,
254 2553 450 2614 circumducto
463 2555 565 2614 dextra
581 2556 755 2632 sinistraque
767 2553 887 2615 brachio
899 2563 928 2613 et
940 2551 996 2613 ad
987 2553 1132 2613 introitum

131 2599 301 2718 profundo
291 2657 346 2699 ram
361 2636 423 2698 salo
439 2639 516 2698 mole
530 2637 660 2720 obieeta;
678 2657 761 2717 quarn
776 2656 835 2716 quo
847 2636 978 2697 stabilius
989 2636 1132 2714 iundaret,

132 2739 237 2783 navem
266 2731 331 2783 ante
358 2722 510 2799 demersit,
541 2741 594 2821 qua
620 2740 741 2800 maguus
767 2720 915 2782 obeliscus
936 2740 973 2781 ex
993 2722 1133 2801 Aegypto

90 2807 229 2867 uetuerat
248 2807 403 2883 advectus,
434 2808 641 2885 congestisque
665 2807 733 2886 pilis
757 2807 946 2886 superposuit
968 2806 1134 2867 altissimam

1 2885 2 2898 .
130 2901 239 2952 turrem
249 2894 279 2951 in
291 2891 457 2990 exemplum
466 2890 655 2951 Alexandrini
669 2891 772 2969 Phari,
789 2899 818 2951 ut
829 2890 864 2951 ad
875 2892 1057 2952 nocturnos
1048 2909 1132 2970 ignes

131 2992 248 3036 cursum
264 2975 381 3053 nauigia
396 2974 565 3052 dirigerent

181 3051 350 3137 Congiaria
368 3059 478 3138 populo
502 3059 619 3138 saepius
638 3058 790 3118 distribuit.
823 3059 998 3138 Spectacula
1018 3073 1170 3139 quoquam

131 3143 283 3222 complura
305 3152 335 3202 et
357 3144 512 3220 magnilica
535 3143 639 3221 edidit,
664 3161 721 3203 non
749 3145 852 3204 usitata
874 3143 961 3203 modo
979 3162 1015 3205 ac
1039 3143 1133 3204 solitis

89 3228 224 3304 seloeis,
247 3227 301 3301 s'ed
317 3237 346 3287 et
362 3230 556 3288 commentitia
578 3237 660 3288 etex
683 3229 849 3306 antiquitate
869 3229 1008 3305 repetita,
1032 3236 1061 3286 et
1085 3226 1133 3287 ubi

129 3321 287 3392 praeterea
312 3329 399 3372 nemo
425 3321 491 3372 ante
507 3331 582 3372 eum.
622 3311 719 3372 Ludos
745 3311 936 3372 dedicationis
965 3311 1134 3390 Pompeiani

130 3395 245 3474 theatri,
258 3395 335 3474 quod
347 3395 505 3457 ambustum
517 3397 694 3475 restituerat,
707 3396 869 3456 etribunali
881 3397 978 3473 posito
987 3396 1016 3454 in
1029 3395 1131 3457 orcbe·

130 3488 191 3541 stra
205 3481 363 3558 commisit,
385 3499 447 3540 oum
458 3485 536 3562 prius
549 3481 624 3560 apud
637 3482 805 3560 superiores
821 3479 911 3540 aedes
924 3479 1129 3560 supplicasset,
