2444 3872
17 189 19 196 ⁰
123 160 180 236 tati
209 187 238 236 c.
257 185 407 236 suanoru
424 185 552 245 renuo.
566 185 614 233 nn
632 188 713 235 vrnn
731 186 915 236 cnnsnnum
932 189 1000 235 nnn.
1014 187 1078 236 1111.

119 342 314 405 educabantur
321 365 329 413 ;
355 360 425 404 mox
444 341 532 403 Lucio
556 340 658 404 cassio
686 341 818 423 Longino
849 343 994 405 consulari
1022 343 1120 405 conlo·

120 435 212 488 catam
229 425 347 487 abduxit
366 435 396 488 et
418 427 447 486 in
466 425 581 487 modum
605 428 698 489 iustae
719 428 818 487 uxoris
836 427 988 506 propalam
1006 427 1119 498 habuit;

117 508 255 572 heredem
271 529 386 591 quoque
402 510 544 572 bonorum
559 520 644 592 atque
659 512 773 590 imperii
796 527 886 589 aeger
906 512 1033 573 instituit.
1064 511 1119 572 Ea·

118 596 183 657 dem
198 594 347 674 defuncta,
375 595 511 657 iustitium
532 594 649 674 indixit,
679 597 708 655 in
729 612 786 676 quo
808 595 909 656 risisse
930 595 1038 656 lavisse
1056 615 1118 656 cae-

117 681 202 741 n'asse
218 697 282 741 cum
296 679 465 760 parentibus
488 688 536 746 aut
553 680 678 760 coniuge
695 678 834 740 liberisue
853 679 961 760 capital
977 681 1038 741 luit.
1074 681 1145 742 dos

115 765 257 826 maeroris
271 765 441 846 impatiens,
471 782 535 825 cum
553 774 677 844 repente
692 773 780 826 noctu
798 764 980 844 profugisset
996 764 1031 826 ab
1048 763 1119 824 urbe

116 850 430 928 transcucurrissetque
448 846 649 928 Campaniam,
670 849 832 923 Syracusas
850 850 936 928 petit,
962 867 1119 929 rursusque

115 931 182 994 inde
208 950 336 1013 propere
359 931 459 1010 rediit,
488 931 578 994 barba
602 932 768 1012 capilloque
795 933 955 1012 promisso;
982 950 1038 993 nec
1062 950 1119 992 um-

116 1035 199 1099 quam
217 1026 321 1097 postea
335 1018 571 1098 quantiscumque
587 1017 623 1077 de
638 1016 745 1095 rebus,
777 1034 814 1077 ne
830 1035 885 1097 pro
901 1013 1038 1078 contione
1060 1019 1119 1096 qui·

116 1103 180 1162 dem
196 1101 296 1182 populi
311 1110 358 1163 aut
374 1100 450 1181 apud
463 1101 586 1178 milites,
613 1101 667 1161 nisi
685 1119 739 1180 per
755 1117 859 1162 numen
875 1100 1021 1163 Drusillae
1041 1100 1118 1161 deie-
1129 1111 1155 1154 1⁸

115 1187 198 1247 ravit.
241 1184 383 1266 Reliquas
403 1203 522 1246 sorores
539 1203 595 1245 nec
611 1185 767 1265 cupiditate
786 1194 864 1247 tanta
881 1203 936 1246 nec
952 1185 1120 1263 dignatione

84 1295 85 1298 ¹
115 1269 232 1346 dilexit,
266 1277 296 1330 ut
315 1287 386 1349 quas
407 1287 498 1348 saepe
515 1268 641 1331 exoletis
663 1263 723 1330 suis
737 1271 943 1349 prostraverit;
971 1287 1028 1350 quo
1049 1269 1119 1330 faci-

113 1354 168 1415 lius
188 1369 238 1414 eas
256 1353 284 1412 in
302 1371 389 1415 causa
404 1352 511 1414 Aemili
529 1351 631 1434 Lepidi
654 1352 857 1415 condemnauit
870 1354 951 1434 quasi
974 1351 1120 1416 adulteras

114 1446 143 1499 et
158 1436 324 1499 insidiarum
335 1436 474 1499 adversus
485 1457 519 1498 se
534 1439 668 1500 conscias
681 1440 718 1499 ci.
736 1437 800 1499 Nec
813 1438 907 1500 solum
922 1436 1120 1517 chirographa

114 1523 252 1598 omnium,
294 1521 434 1603 requisita
459 1519 561 1584 irande
587 1540 621 1584 ac
650 1531 768 1603 stupro,
800 1522 975 1602 divulgavit,
1009 1521 1062 1584 sed
1088 1529 1151 1581 ctu

113 1617 173 1667 tres
188 1604 303 1684 gladios
316 1607 345 1667 in
360 1624 463 1668 necem
478 1624 557 1669 suam
574 1615 765 1687 praeparatos
779 1607 863 1669 Marti
878 1607 990 1686 Ultori,
1018 1604 1115 1668 addito

113 1691 228 1770 elogio,
257 1691 452 1753 consecravit.

69 1783 103 1837 25
173 1775 352 1838 Matrimonia
377 1776 556 1837 contraxerit
575 1776 687 1854 turpius
711 1793 747 1837 an
764 1774 903 1836 dimiserit
921 1793 958 1836 an
978 1775 1116 1852 tonuerit,

111 1875 169 1921 non
185 1869 230 1921 est
244 1860 333 1922 facile
353 1857 532 1922 discernere.
575 1858 683 1920 Liviam
706 1857 873 1923 Orestillam
888 1857 922 1920 0.
943 1858 1040 1920 Pisoni
1065 1876 1116 1918 nn·

111 1941 242 2020 luentem,
275 1962 339 2005 cunr
364 1944 399 2006 ad
425 1943 552 2004 officium
582 1952 611 2003 et
638 1943 703 2023 ipse
727 1945 871 2021 venisset,
903 1943 993 2006 adse
1015 1941 1155 2004 deducito

111 2029 280 2107 imperavit,
310 2030 443 2109 intraque
473 2044 583 2107 paucos
613 2025 675 2088 dies
705 2027 884 2107 repudiatam
911 2026 1029 2089 biennio
1050 2035 1136 2106 post-

111 2111 271 2189 relegavit,
306 2110 384 2191 quod
399 2111 545 2191 repetisse
568 2129 649 2173 usum
669 2111 776 2191 prioris
793 2112 887 2174 mariti
904 2119 1038 2192 tempore
1059 2129 1119 2172 ruo·

113 2194 160 2254 dio
177 2193 337 2255 uidebatur.
371 2195 433 2257 Alii
447 2195 570 2274 tradunt,
596 2194 750 2257 adhibitum
767 2213 876 2276 caepae
890 2193 1019 2276 nuptiali,
1041 2213 1119 2257 man·

112 2278 197 2339 dasse
212 2276 248 2340 ad
260 2279 395 2356 Pisonem
412 2288 513 2342 contra
530 2279 763 2342 accumbentem:
786 2277 861 2344 Noli
873 2297 1004 2344 acorem
1018 2297 1120 2342 mcum

107 2364 268 2443 premere!
294 2364 448 2446 statimque
466 2382 483 2424 e
500 2363 634 2426 convivio
650 2363 806 2427 abduxisse
820 2382 969 2426 secumac
983 2365 1118 2445 proximo
1129 2379 1158 2424 m

110 2448 156 2509 die
173 2447 317 2527 edixisse,
346 2445 574 2511 matrimonium
587 2446 650 2510 cidi
662 2455 818 2530 repertum
838 2448 979 2530 coempto
994 2445 1123 2511 Romuli

109 2538 140 2594 et
152 2527 314 2634 adoptasti.x
328 2532 449 2597 Lolliam
464 2531 628 2611 Paulinam,
659 2533 691 2594 G.
707 2534 851 2596 Memmio
865 2533 1009 2596 consulari
1031 2551 1118 2594 exer-

110 2616 183 2676 citus
198 2626 313 2694 regenti
333 2628 464 2699 nuptam,
492 2617 570 2680 facta
585 2621 731 2680 mentione
749 2620 831 2680 auiae
847 2619 908 2679 eius
924 2627 954 2678 ut
973 2616 1120 2698 quondam

109 2697 339 2779 pulcherrimae,
369 2703 464 2763 subito
489 2720 527 2762 ex
549 2702 700 2780 provincia
723 2703 859 2763 evocavit
886 2720 921 2764 ac
947 2701 1119 2782 perductam

108 2785 247 2844 amarito
273 2786 421 2847 coniunxit
445 2785 515 2865 sibi,
548 2785 690 2866 brevique
711 2789 825 2848 missam
846 2787 933 2866 iecit,
960 2785 1158 2848 interdictum

109 2867 275 2946 cuiusquam
290 2869 318 2929 in
334 2879 505 2950 perpetuum
529 2870 617 2932 coitu.
663 2870 834 2934 Caesoniam
854 2889 950 2952 neque
975 2871 1050 2934 facie
1075 2870 1119 2930 in·

108 2950 185 3028 signi
201 2968 297 3031 neque
314 2962 409 3016 aetate
423 2956 537 3034 integra
558 2963 736 3036 matremque
751 2958 806 3018 iam
826 2974 864 3017 ex
878 2956 936 3018 alio
952 2957 1016 3016 ulrc
1032 2954 1121 3016 trium

107 3033 245 3112 filiarum,
275 3037 328 3098 sed
340 3038 471 3102 luxuriae
491 3058 527 3102 ac
542 3039 680 3102 lasciviae
703 3041 848 3120 perditae,
864 3049 900 3108 et
923 3038 1071 3103 ardentius
1088 3047 1121 3098 et

108 3121 284 3182 constantius
306 3126 423 3202 amavit,
446 3133 476 3185 ut
496 3142 587 3205 saepe
611 3124 733 3187 clamide
750 3125 887 3206 peltaque
910 3133 940 3186 et
960 3124 1047 3204 galea
1068 3140 1119 3184 or·
1203 3199 1204 3202 Ἴ

106 3213 201 3268 natam
231 3223 266 3266 ac
294 3207 373 3271 iuxta
402 3208 614 3288 adequitantem
641 3209 777 3271 militibus
805 3208 982 3286 ostenderit,
1014 3209 1161 3292 amicis&

106 3306 177 3350 vero
208 3290 293 3351 etiarn
323 3293 441 3364 nudam
460 3295 573 3368 ,uxorio
602 3295 718 3357 nornine
734 3295 772 3345 3¹-
790 3293 922 3372 dignatus
953 3281 1120 3378 estfiq’u‘a‘ni

107 3373 244 3456 enn’nam,3
264 3393 321 3438 uno
344 3386 429 3457 atque
446 3375 549 3438 eodem
565 3375 611 3440 die
634 3377 786 3460 professus
804 3388 834 3441 et
848 3375 978 3440 maritum
999 3396 1034 3439 se
1046 3373 1119 3438 ‘eius

107 3462 136 3512 et
161 3465 273 3533 patrem
304 3459 421 3525 infantis
449 3479 487 3522 ex
512 3471 665 3524 sanatae.
708 3463 850 3526 Infantem
873 3472 985 3541 autem,
1011 3461 1120 3524 Iuliam

229 3590 234 3606 u

37 3630 54 3674 fl
87 3667 145 3702 ,W
180 3610 293 3678 qpsm'vss
