2412 3876
408 207 512 257 orsus
536 207 727 258 anscerus.
1027 197 1066 258 41

2 373 3 404 ³
60 375 133 428 tem.
157 363 325 426 Proiectum
340 381 410 424 mox
432 363 603 426 avunculum
620 364 649 422 in
665 363 819 443 Hispanias
841 364 983 426 adversus
1008 362 1069 424 (tlt.

2 509 3 514 ,
60 451 187 529 Pompei
211 448 339 525 liberos,
360 447 477 510 vixdum
500 449 596 508 lirrnus
617 465 633 508 a
655 450 738 526 graui
762 449 931 525 valitudine,
959 465 1014 527 per
1029 449 1069 508 iu·

61 535 158 596 festas
179 531 312 592 hostibus
336 535 398 592 vias
421 533 603 612 paucissimis
627 531 780 592 comitibus
802 534 955 610 naufragio
985 533 1070 592 etiam

61 620 145 680 iacto
180 616 371 694 subsecutus,
409 634 589 696 magnopere
621 615 778 694 demeruit,
817 616 979 697 approbata
1011 618 1069 676 cito

42 705 153 764 setiam
170 718 283 762 morum
299 699 398 762 indole
415 719 505 781 super
519 701 631 760 itineris
647 699 823 762 industriam.

1 827 6 956 ,
129 783 259 846 Caesare
274 793 343 864 post
363 794 501 865 receptas
520 784 674 864 Hispanias
688 785 904 865 expeditionem
924 787 953 845 in
972 785 1071 848 Dacos

65 879 94 931 et
107 869 177 930 inde
190 871 219 930 in
229 868 352 930 Parthos
363 869 541 946 destinante,
562 870 739 949 praemissus
755 869 942 950 Apolloniam
970 869 1072 930 studiis

2 960 9 997 '·
64 955 193 1015 vacavit.
215 954 312 1034 thue
326 955 446 1033 primurn
462 956 591 1015 occisum
608 971 672 1013 eum
689 952 885 1034 heredemque
903 973 936 1015 se
953 972 1071 1033 compe·

63 1041 117 1116 rit,
143 1037 192 1098 diu
214 1046 363 1098 cunctatus
383 1056 418 1098 au
437 1039 584 1118 proximas
602 1037 739 1115 legiones
756 1038 942 1117 imploraret,
962 1039 991 1100 id
1010 1039 1071 1119 qul·

32 1133 57 1175 10
65 1124 131 1183 dem
143 1121 296 1182 consilium
307 1131 337 1180 ut
349 1125 725 1201 praecepsinmaturumque
734 1125 841 1199 omisit,
857 1132 986 1184 ceterum
998 1122 1071 1183 urbe

63 1207 193 1286 repetita
219 1204 410 1268 heredita-tem
437 1206 519 1283 adiit,
558 1204 705 1266 dubitante
732 1215 840 1284 matre,
869 1209 975 1268 vitrico
997 1224 1070 1268 vero

2 1300 4 1316 '
64 1291 177 1352 llurcio
188 1289 325 1370 Philippo
338 1289 485 1351 consulari
504 1289 622 1350 multura
637 1289 832 1353 dissuadente.
864 1291 961 1371 Atque
978 1291 1014 1352 ab
1031 1307 1071 1350 eo

2 1363 6 1415 l
65 1384 201 1454 tempore
219 1373 398 1434 exercitibus
415 1376 591 1454 comparatis
607 1376 728 1454 primum
750 1394 814 1437 cum
829 1375 868 1436 ll.
884 1375 1013 1436 Antonio
1031 1374 1070 1436 bl.

2 1461 5 1488 '
65 1477 122 1538 que
145 1457 256 1538 Lepido
278 1457 382 1520 deinde
400 1469 507 1522 tautum
531 1476 596 1518 cum
615 1458 745 1519 Antonio
762 1478 817 1538 per
837 1458 990 1520 duodecim
1006 1459 1071 1520 lere

34 1553 177 1620 ¹⁵aunos,
196 1543 355 1602 novissime
374 1562 429 1623 per
448 1551 601 1623 quattuor
604 1551 633 1602 et
650 1541 840 1621 quadraginta
860 1543 942 1603 solus
960 1561 1022 1603 rem
1041 1562 1070 1622 p

62 1628 167 1687 tenuit.

2 1707 11 1761 Ἀ
131 1710 286 1790 Proposita
306 1712 384 1771 vitae
406 1710 561 1772 eiusvelut
586 1727 708 1788 summa,
729 1671 1100 1790 partessingillatimnett

65 1813 122 1873 que
141 1813 202 1874 per
220 1803 352 1874 tempora
369 1793 421 1854 sed
438 1812 493 1874 per
514 1795 630 1875 species
648 1812 810 1874 exsequar,
835 1813 892 1874 quo
911 1793 1071 1856 distinctius

2 1879 264 1940 demonstrari
274 1879 476 1977 cognoscique
491 1880 614 1959 possint
1001 1909 1004 1918 v

31 1973 57 2014 2⁰
128 1962 212 2024 Bella
239 1963 335 2024 civilia
360 1963 485 2042 quinque
509 1963 617 2050 gessit:
651 1963 829 2038 Mutinense,
872 1962 1070 2062 Philippense,

65 2047 253 2124 Perusinum,
277 2046 420 2122 Siculum,
442 2029 613 2116 Actiacum
632 2043 769 2128 equibus
786 2047 906 2125 primum
924 2065 960 2108 ac
974 2050 1070 2108 noris-

2 2163 4 2228 ⁴
65 2091 589 2295 {tttrtl'fftttlrdtttttr
605 2131 763 2276 itttltt
779 2131 1113 2293 titulabit

64 2307 199 2380 quartum
218 2299 359 2360 adversus
378 2299 498 2360 Sextum
514 2300 681 2380 Pompeium
693 2298 754 2361 GN.
770 2297 803 2359 F.
833 2299 962 2360 Omnium
975 2300 1067 2360 bello·
1079 2307 1115 2360 lt

31 2402 128 2444 acrum
150 2384 257 2444 initium
272 2393 302 2444 et
323 2401 438 2444 causam
453 2384 520 2445 biuc
544 2385 678 2463 sumpsit:
698 2383 767 2444 nibil
784 2384 1003 2444 conuenientius
1021 2383 1070 2443 du-

64 2551 132 2630 stim
150 2559 180 2610 ut
198 2551 357 2631 Apollonia
372 2551 473 2628 rediit,
496 2550 614 2611 Brutum
639 2550 828 2630 Cassiumque
851 2558 881 2610 et
906 2553 934 2610 vi
951 2550 1070 2628 necopi-

1 2636 11 2773 p
65 2635 159 2695 nantis
177 2645 207 2695 et
224 2637 307 2716 (quia
324 2636 473 2715 provisum
497 2636 658 2715 periculum
682 2634 935 2713 subterfugerant)
954 2634 1071 2713 legibus

67 2717 189 2794 adgredi
212 2737 339 2798 reosque
360 2719 457 2780 caedis
480 2719 609 2780 absentis
629 2719 745 2780 delerre
772 2721 878 2780 statuit
908 2718 1004 2780 Ludos
1021 2737 1070 2779 au·

2 2811 125 2868 sotem
143 2803 286 2863 victoriae
305 2801 457 2880 Caesaris,
481 2823 539 2864 nou
561 2803 733 2866 audentibus
753 2803 854 2864 iacere
878 2803 981 2884 quibus
996 2803 1071 2882 opti·

26 2895 151 2964 gerat
164 2882 322 2964 idmunus,
348 2888 413 2966 ipse
429 2849 527 2949 edidit.
550 2888 589 2949 lit
603 2906 661 2967 quo
684 2889 863 2950 constantius
883 2897 983 2948 cetera
999 2903 1070 2966 quo·

14 2983 122 3050 que
138 2979 350 3051 exequeretur,
373 2974 403 3034 in
423 2972 521 3033 locum
534 2973 593 3034 iu
613 2972 666 3033 Pb
686 2974 763 3034 forte
780 2971 922 3033 demortui
938 2969 1070 3032 candida·

65 3063 123 3114 tum
141 3071 175 3114 se
196 3055 340 3133 ostendit,
366 3075 527 3136 quanquam
548 3057 685 3136 patricius
705 3055 829 3117 necdum
849 3065 976 3116 senator.
1011 3052 1071 3114 Sed

65 3137 240 3200 aduersante
270 3139 420 3200 conatibus
447 3141 571 3202 suisli.
592 3142 718 3202 Antonio
749 3139 884 3218 consule,
914 3157 999 3220 quem
1021 3136 1070 3197 rel

31 3224 257 3303 epraeoipuuru
276 3223 436 3285 adiutorem
461 3234 647 3305 speraverat,
677 3243 712 3285 ac
733 3243 770 3284 ne
787 3223 935 3302 publicum
955 3221 1070 3302 quidem

64 3315 96 3366 et
117 3307 317 3368 translativum
335 3309 380 3368 ius
396 3308 456 3373 ulla
476 3311 507 3368 iu
522 3327 554 3369 re
571 3309 626 3368 sibi
642 3309 706 3368 sine
726 3309 863 3388 pactione
879 3307 1071 3384 gravissimae

61 3389 208 3452 mercedis
227 3393 427 3470 impertiente,
454 3393 490 3454 ad
505 3393 659 3472 optimates
678 3411 710 3452 se
731 3391 868 3468 contulit,
888 3390 990 3469 quibus
1006 3405 1071 3449 eum

44 3474 186 3535 inuisum
207 3474 370 3555 sentiebat,
393 3478 517 3537 maxime
536 3477 614 3557 quod
629 3476 665 3537 D.
684 3476 803 3537 Brutum
821 3473 974 3536 obsessum
988 3472 1070 3534 bluti-

196 3637 404 3720 ·¹7t.1-12,.'=·‚
476 3707 479 3715 ,
531 3665 536 3672 ·
