2444 3872
521 181 690 231 urseolus.
1056 167 1099 232 97

99 333 180 396 bivia
200 341 229 393 et
249 349 284 393 ea
307 335 426 394 conscio
442 332 560 395 Tiberio
584 354 619 395 an
640 336 761 415 ignaro,
784 337 932 397 dictasset.
965 334 1097 395 'liberius

77 429 79 434 ’
99 416 272 478 renuntianti
287 416 418 494 tribuno,
435 418 542 478 iactum
558 438 624 478 esse
639 419 716 498 quod
729 422 918 500 imperasset,
934 436 1030 497 neque
1044 419 1096 478 im·

98 517 232 580 perosae
252 518 287 560 sc
306 507 336 562 ct
351 501 543 562 redditorum
557 521 624 563 eum
640 505 925 565 corroborationem
939 502 1097 581 respondit,

100 584 235 644 invidiam
251 584 366 644 scilicet
378 587 407 644 in
421 589 587 664 praesentia
603 588 704 646 vitans.
738 587 810 648 Nam
823 604 891 646 mox
907 587 1021 646 silentio
1036 603 1097 646 rem

77 667 275 728 cobliteravit.
309 666 375 728 lure
396 677 489 728 autem
510 669 678 729 tribuniciae
700 673 853 750 potestatis
874 679 976 731 coacto
997 676 1142 730 senetutt

10 789 12 828 p
48 751 293 848 hidelmataque
315 751 514 830 adlocutione,
537 753 695 832 derepente
716 756 795 814 velut
816 757 906 833 impar
921 753 1013 813 dolori
1030 769 1097 813 con·

100 837 219 913 gemuit,
235 843 322 913 utque
357 851 394 895 on
413 836 504 895 solum
519 855 578 896 vox
593 836 645 896 sed
659 846 688 896 ct
701 841 817 916 spiritus
834 837 973 898 deiiceret
989 838 1099 916 optavit
1129 848 1181 946 ms

100 937 138 979 ac
157 916 319 997 perlegend
387 919 490 979 librum
509 919 605 980 Druso
626 920 684 981 lilio
705 922 828 982 tradidit.
860 920 979 982 lnlatum
994 920 1097 981 deinde
1163 947 1170 980 a

10 1035 19 1060 ι.
100 1001 226 1078 Augusti
241 1010 450 1079 testamentum,
467 1019 525 1063 non
540 1004 671 1064 admissis
684 1005 878 1082 signatoribus
892 1006 946 1064 nisi
962 1004 1098 1064 senatorii

10 1049 16 1156 l
67 1085 227 1162 mordibis,
253 1088 360 1145 ceteris
382 1095 464 1147 extra
482 1089 589 1148 curiam
606 1090 688 1164 signa
704 1088 944 1166 agnoscentibus,
966 1089 1100 1148 recitavit

10 1159 29 1204 *¹
102 1188 158 1248 per
170 1167 314 1229 libertum.
346 1169 523 1231 Testamenti
543 1173 649 1231 initium
662 1173 729 1232 luit:
755 1171 906 1246 Quoniam
924 1179 1018 1231 atros
1029 1171 1097 1248 sor-

10 1289 11 1314 ;
102 1261 177 1314 tuma
195 1251 306 1312 Gaium
320 1260 350 1314 et
363 1252 491 1314 motum
509 1255 593 1331 filios
611 1255 686 1315 mibi
702 1257 830 1334 eripuit,
861 1254 1001 1315 Tiberius
1020 1253 1097 1314 Cae·

101 1354 160 1397 sor
181 1335 255 1396 mibi
275 1355 315 1396 cc
332 1345 426 1415 porte
440 1337 569 1398 discidio
584 1345 613 1399 ct
627 1347 769 1400 sectante
783 1339 871 1400 iteres
885 1346 959 1400 esto.
991 1339 1054 1412 Quo
1071 1345 1101 1396 et

101 1423 168 1499 ipso
185 1429 269 1480 eurota
284 1423 405 1500 suspitio
424 1429 469 1480 est
483 1423 667 1500 opinantium,
684 1441 885 1483 successorem
899 1423 1018 1482 ascitum
1036 1439 1099 1480 eum

67 1523 92 1564 m
100 1505 278 1564 necessitate
293 1506 385 1581 magis
399 1523 482 1583 quam
497 1505 618 1581 iudicio,
636 1505 748 1585 quando
764 1508 802 1566 ita
819 1506 944 1583 praeteri
958 1523 1016 1565 non
1035 1504 1098 1564 abs·

100 1588 226 1647 tinuerit.

165 1670 372 1748 Principatum,
400 1674 527 1750 quamvis
548 1691 642 1751 neque
662 1689 807 1751 occupare
830 1672 982 1732 confestim
1006 1676 1143 1748 nequett

103 1772 194 1832 agere
214 1752 390 1829 dubitasset,
413 1764 443 1814 et
461 1757 585 1816 statione
606 1757 739 1830 militum,
764 1755 821 1815 boo
842 1764 888 1815 est
907 1757 935 1814 vi
956 1764 985 1813 et
1000 1755 1100 1832 specie

103 1836 303 1900 dominationis
319 1847 481 1917 assumpta,
498 1839 544 1898 diu
561 1848 655 1900 tamen
670 1841 833 1915 recusavit,
856 1838 1100 1916 impudentissimo

67 1924 189 1990 oomimo
207 1938 281 1980 nunc
297 1920 473 1981 adhortantis
489 1924 596 1983 amicos
612 1925 767 2001 increpans
781 1932 811 1983 ut
822 1924 969 2002 ipocros,
986 1927 1102 2001 quanta
1122 1925 1128 1955 ⁵

102 2005 305 2080 bellaces-set
316 2005 490 2082 imperium,
510 2024 586 2067 nunc
602 2017 768 2086 precantem
783 2015 910 2067 senatum
927 2014 956 2066 et
970 1958 1126 2084 procum-i

102 2089 220 2150 bentcm
243 2087 298 2147 sibi
317 2087 352 2148 ad
373 2093 468 2165 genua
489 2089 630 2168 ambiguis
651 2093 801 2171 responsis
823 2099 853 2150 et
869 2089 972 2150 callida
989 2095 1101 2148 cuncta·

102 2176 182 2234 tione
197 2170 391 2250 suspendens;
408 2180 438 2231 ut
453 2173 565 2250 quidam
579 2173 743 2253 patientiam
756 2182 922 2253 rumperent
934 2181 1020 2253 atque
1030 2187 1102 2230 nnus

102 2259 131 2322 in
147 2254 266 2316 tumultu
277 2255 486 2333 proclamaret:
501 2255 564 2317 Aut
577 2265 668 2336 opat,
688 2264 743 2320 cut
754 2258 903 2319 desistat!
915 2256 988 2316 alter
1006 2273 1103 2315 coram
1183 2301 1186 2306 .

68 2365 94 2406 ss
104 2337 315 2420 exprobraret,
331 2348 457 2415 ceteros,
473 2341 550 2419 quod
565 2342 686 2420 polliciti
703 2343 758 2402 sint
774 2341 856 2402 tarde
874 2349 1034 2419 praestare,
1051 2336 1102 2398 sed

17 2431 32 2463 *
103 2427 215 2505 ipsum,
231 2420 308 2500 quod
324 2430 455 2501 praestet
470 2424 550 2484 tarde
567 2425 711 2504 polliceri.
737 2425 862 2486 Tandem
878 2424 960 2502 quasi
975 2430 1101 2496 coactus,

104 2517 134 2568 et
156 2522 282 2587 quereus
302 2505 449 2567 miseram
470 2516 499 2567 et
517 2526 681 2570 onerosam
696 2509 815 2586 inioopi
833 2505 896 2568 sibi
916 2505 1101 2579 servitutem,
1119 2497 1129 2589 i

104 2591 219 2669 recepit
237 2591 399 2668 imperium;
420 2609 476 2650 nco
491 2600 585 2652 tamen
601 2592 694 2668 aliter,
710 2609 792 2671 quam
808 2601 838 2650 ut
859 2590 1054 2668 depositurum
1070 2605 1102 2647 se

10 2669 11 2672 ’
105 2673 277 2754 quandoque
292 2691 374 2752 spem
389 2674 509 2734 iaceret.
524 2674 618 2754 lpsius
632 2675 722 2736 verba
738 2684 816 2734 sunt:
838 2673 918 2734 Dum
929 2671 1049 2733 oesiam
1061 2670 1105 2732 ud

70 2757 140 2824 aoid
162 2764 297 2836 tempus,
323 2775 383 2836 quo
403 2756 495 2819 cobis
509 2777 638 2838 aequom
653 2759 755 2837 possit
767 2758 869 2818 videri
881 2757 960 2818 darc
973 2773 1030 2834 cos
1044 2755 1101 2816 oli-

104 2859 197 2922 quom
211 2841 360 2902 senectuti
369 2859 456 2902 mooe
469 2843 612 2922 requiem.

10 2993 11 2996 Ἴ
168 2922 327 2986 Cunctandi
351 2943 437 2986 causa
454 2935 517 2986 erat
539 2937 631 2986 metus
647 2926 770 3004 undique
788 2925 991 2985 imminentium
1005 2923 1148 2986 dison-25

104 3009 231 3084 minum,
249 3016 280 3068 ut
298 3024 388 3087 saepe
410 3009 515 3088 lupum
528 3027 563 3071 se
578 3009 708 3071 auribus
723 3017 825 3070 tencre
838 3009 958 3069 diceret.
988 3006 1061 3068 Nam
1076 3015 1105 3066 et
1134 3011 1167 3088 pt

104 3091 376 3170 sersus‘bgrippae
392 3090 528 3153 Clemens
541 3096 655 3156 nomine
670 3111 729 3154 non
743 3093 978 3154 contemnendam
993 3108 1105 3152 manum

10 3229 12 3240 ἲ
68 3174 134 3240 asin
149 3175 288 3246 ultionem
304 3174 408 3235 domini
424 3187 616 3256 compararat,
634 3186 663 3238 et
676 3177 707 3238 L.
725 3177 892 3238 Scribonius
909 3176 979 3236 bibo
995 3177 1039 3234 vir
1053 3188 1104 3230 no-

10 3295 12 3298 ·
104 3261 173 3324 bilis
187 3276 343 3328 sessores
361 3259 434 3320 clam
448 3260 638 3339 moliebatur,
658 3270 688 3322 et
703 3255 811 3341 duplex
826 3259 928 3321 seditio
944 3257 1062 3316 militum
1078 3255 1107 3312 in

104 3343 227 3420 lllyrioo
240 3353 275 3406 ‘et
288 3345 318 3402 in
332 3341 482 3410 Germania
498 3355 600 3406 exorta
615 3355 668 3406 est.
696 3343 879 3422 Flagitabant
895 3340 978 3401 ambo
994 3337 1105 3400 exeroi-
1206 3383 1208 3388 ,

104 3437 150 3490 tus
165 3429 256 3490 multa
270 3432 352 3488 orba
368 3426 508 3506 ordinem,
524 3439 590 3490 ante
605 3431 698 3490 omnia
715 3436 745 3488 ut
762 3433 953 3505 aequarentur
964 3421 1107 3502 stipendio

157 3533 314 3575 sucronms.
923 3511 941 3566 7
