2438 3872
111 235 113 240 ,
136 185 193 248 188
223 201 252 249 c.
269 202 419 251 snanonr
439 203 567 262 nanno.
584 203 630 249 ns
646 203 728 250 vmn
744 201 1072 250 crescentianam.

14 425 31 438 ‚„
78 377 80 380 ·
134 359 296 434 itnrnmque
322 356 418 435 potins
440 373 526 434 quam
545 358 705 417 nociturum
724 357 760 421 ei.
797 355 890 416 Burro
910 355 1062 434 praelecto
1086 372 1136 414 re·

13 419 100 495 panti
134 438 257 499 medinm
273 438 309 500 ad
328 439 430 500 fauces
451 439 615 519 pollicitus,
637 442 765 499 toxicnm
786 441 871 498 misit.
905 438 1040 499 libertos
1060 438 1136 498 divi·

34 509 63 557 Ψ
134 531 180 584 tes
195 531 225 582 et
242 541 344 600 senes,
359 524 427 583 olim
441 522 606 602 adoptionis
622 539 690 583 mox
705 523 905 583 dominationis
920 541 989 584 suae
1003 522 1138 582 fautores

135 614 221 685 atque
236 616 381 684 rectores,
403 625 534 684 veneno,
559 609 662 686 partim
686 605 759 667 cibis
780 607 883 686 partim
903 607 1069 686 potionibus
1092 606 1136 664 in-

42 757 51 774 p
136 689 212 765 dito,
226 691 389 768 intercepit.
1145 703 1160 743 s

11 705 162 854 ᾗ
196 771 261 834 Neo
282 775 394 835 minore
415 775 537 834 saevitia
555 773 628 833 loris
649 783 677 834 et
704 776 732 833 in
757 783 876 834 exteros
901 782 1051 852 grassatus
1075 781 1136 832 est.

11 853 62 921 :3³
136 855 228 918 Stella
244 857 361 935 crinita,
384 875 458 937 quae
482 859 596 917 summis
617 857 809 936 potestatibus
825 859 940 918 exitium
955 854 1135 937 portendere
1210 869 1212 940 j

71 928 84 1002 ζ
135 940 226 1018 vulgo
241 950 371 1021 potatur,
394 960 448 1021 per
470 943 619 1002 continuas
634 950 736 1001 noctes
752 943 821 1014 oriri
837 949 988 1020 coeperat.
1018 939 1134 999 Anxius
1209 969 1212 1058 p

137 1043 172 1086 ea
193 1042 242 1102 re,
265 1033 296 1084 nt
317 1043 355 1084 ex
377 1023 501 1086 Balbillo
524 1023 679 1101 astrologo
699 1023 814 1101 didicit,
836 1024 934 1085 solere
955 1041 1044 1100 reges
1063 1022 1135 1082 talia

137 1117 248 1169 ostenta
263 1108 354 1168 caede
369 1108 464 1188 aliqua
482 1108 586 1168 illustri
608 1109 729 1187 expiare
746 1117 834 1187 atque
850 1125 867 1168 a
885 1117 978 1167 semet
990 1108 1020 1166 in
1035 1107 1135 1184 capita
1145 1117 1170 1158 tt

138 1207 292 1271 procerum
313 1179 480 1268 depellere,
507 1189 688 1252 nobilissimo
709 1193 814 1270 cuique
828 1193 944 1251 exitium
962 1189 1133 1258 destinavit;

138 1276 287 1334 enimvero
310 1273 399 1333 multo
424 1276 518 1351 magis
539 1283 568 1334 et
581 1275 671 1353 ‘quasi
692 1292 747 1354 per
767 1276 869 1334 iustam
890 1293 1005 1335 causam
1020 1271 1134 1333 duabus

138 1356 383 1417 coniurationibus
408 1358 608 1436 provulgatis,
635 1376 754 1437 qnarnm
777 1359 859 1438 prior
880 1360 1030 1436 maiorque
1050 1357 1134 1417 Piso-

136 1441 220 1502 niana
236 1441 366 1516 Rornae,
390 1441 537 1520 posterior
551 1442 698 1502 Viniciana
718 1441 878 1502 Beneventi
899 1443 1022 1502 condeta
1043 1449 1133 1518 atque

83 1577 105 1605 f
137 1523 250 1585 detecta
265 1532 320 1584 est.
352 1523 498 1585 coniurati
511 1543 529 1584 e
546 1524 668 1586 vinculis
679 1526 834 1604 triplicium
849 1535 1011 1586 catenarum
1026 1525 1130 1584 dixere
1146 1541 1170 1582 n

137 1607 267 1686 cansam,
287 1627 352 1668 cnm
369 1608 481 1687 qnidam
497 1609 573 1669 ultro
588 1610 697 1669 crimen
710 1611 884 1688 faterentur,
897 1607 1027 1669 nonnulli
1044 1607 1132 1668 etiam

24 1747 29 1754 ,
135 1695 318 1770 imputarent,
336 1701 478 1771 tamqnam
492 1691 585 1753 aliter
599 1693 647 1754 int
658 1711 720 1754 non
736 1700 864 1772 possent
875 1694 937 1754 nisi
949 1699 1048 1754 morte
1061 1707 1131 1751 sno·

136 1792 264 1838 cnrrere
283 1774 471 1838 dedecorato
492 1774 623 1856 tlopitiis
644 1777 793 1839 omnibns.
823 1775 1025 1838 Damnatomm
1044 1773 1131 1834 liberi

45 1857 48 1867 “
135 1859 208 1918 urbe
229 1858 306 1939 pulsi
331 1862 485 1940 erectique
507 1878 620 1921 veneno
642 1869 689 1921 ant
713 1861 804 1931 lame;
831 1869 960 1937 constat,
989 1856 1131 1940 quosdam

137 1961 200 2003 cnm
215 1943 396 2022 paedagogis
409 1954 438 2005 et
452 1946 582 2022 capsaris
594 1962 651 2004 nuo
661 1944 781 2023 prandio
793 1945 902 2023 pariter
912 1953 1041 2020 necatos,
1053 1939 1130 2002 alios
1139 1959 1167 2001 ao

137 2024 265 2086 dlnr'nnm
283 2029 387 2087 victum
403 2027 565 2106 prohibitos
579 2045 730 2106 quaerere.
876 2069 880 2076 -

93 2119 127 2173 st
165 2157 168 2162 Δ
199 2107 303 2170 Nullus
325 2109 447 2188 posthac
467 2111 609 2172 adhibitus
632 2110 755 2172 dilectus
769 2111 932 2172 autmodns
949 2106 1130 2170 interimendi
1209 2147 1210 2180 Ξ

92 2233 94 2238 ,
138 2211 336 2272 quoscumque
355 2193 487 2254 libuisset
509 2212 688 2274 quacumque
706 2195 742 2255 de
757 2214 854 2256 cansa.
881 2195 941 2255 Sed
957 2212 994 2254 ne
1010 2193 1046 2252 de
1066 2191 1130 2272 pln·
1209 2213 1210 2218 ¹

136 2277 216 2337 ribus
231 2276 374 2353 referam,
389 2277 555 2340 Saluidieno
572 2279 663 2339 Orlito
681 2278 825 2340 obiectam
841 2289 886 2338 est
900 2278 978 2358 qnod
992 2276 1131 2336 tabernas

136 2372 197 2422 tres
212 2359 249 2420 de
265 2359 350 2420 domo
367 2380 417 2422 sua
435 2363 622 2423 circatorum
638 2363 801 2424 civitatibus
818 2362 854 2422 ad
869 2366 1021 2423 stationem
1036 2359 1131 2420 locas·
1141 2386 1168 2425 25
1208 2377 1209 2380 ’

83 2446 100 2524 J
137 2454 190 2522 set,
207 2443 312 2505 Cassio
328 2443 461 2522 Longino
474 2447 544 2505 iuris
559 2445 693 2509 consulto
707 2463 743 2506 ac
755 2445 908 2506 luminibus
923 2445 1037 2518 orbato,
1052 2442 1132 2520 qnod

135 2532 164 2590 iu
176 2537 277 2588 vetere
287 2529 391 2605 ¹gentili
407 2537 556 2591 stemmate
570 2528 603 2591 Ο.
618 2528 704 2590 Cassi
716 2531 900 2609 percussoris
916 2527 1050 2590 Caesaris
1063 2527 1131 2587 ima-

136 2615 220 2690 gines
239 2613 418 2690 retinuisset,
443 2613 697 2674 PaetoTbraseae
717 2615 827 2675 tristior
845 2623 873 2673 et
888 2611 1052 2694 paedagogi
1069 2610 1131 2670 rnl·
1197 2623 1208 2650 ·'

136 2706 190 2754 tus.
223 2694 298 2756 blori
312 2698 399 2755 iussis
412 2715 470 2757 nou
484 2697 607 2777 amplius
626 2678 865 2776 qnam⁴borarnm
885 2697 1006 2777 spatium
1028 2693 1130 2761 dabat;

136 2796 172 2864 ac
187 2797 225 2837 ne
241 2779 309 2858 qnid
323 2797 424 2840 morae
440 2783 641 2858 interveniret,
663 2781 793 2842 medicos
811 2780 984 2842 admovebat
1000 2779 1047 2857 qui
1062 2795 1168 2840 cun-oo

137 2870 248 2922 ctantes
269 2864 403 2922 contnuo
426 2873 559 2925 curarent
579 2866 634 2946 (ita
648 2867 723 2925 enirn
745 2865 904 2926 vocabatur
923 2880 1018 2942 venas,
1031 2863 1133 2921 mortis

54 3019 56 3023 ι
98 3003 118 3022 ,ὴ
136 2947 229 3022 gratia
244 2944 401 3025 incidere).
431 2946 565 3008 Creditur
587 2950 671 3010 etiam
688 2947 857 3027 polyphago
876 2947 986 3008 cuidam
1001 2945 1132 3024 Aegypti

135 3029 271 3106 generis,
299 3029 416 3090 crudam
441 3049 556 3092 carnem
581 3042 611 3092 et
633 3032 770 3112 quidquid
792 3033 907 3094 daretur
927 3028 1062 3099 mandere
1084 3045 1131 3090 as·
1204 3077 1206 3084 s

135 3122 233 3189 sueto,
258 3115 432 3191 concupisse
456 3117 541 3174 vivos
560 3115 691 3176 homines
715 3117 863 3178 laniandos
878 3112 1140 3189 absumendosque„

136 3197 265 3258 obicere.
297 3193 399 3257 Elatus
420 3197 590 3276 inflatusque
610 3201 696 3260 tantis
717 3200 796 3259 venit
816 3199 1019 3274 successibus,
1039 3213 1164 3272 nega-aa

134 3281 174 3339 vit
192 3297 373 3363 quemqnam
385 3281 562 3359 principans
581 3283 680 3343 ansae
699 3283 774 3362 qaid
793 3283 854 3344 sibi
870 3284 993 3359 liceret,
1013 3279 1131 3340 multasss

135 3381 190 3438 que
209 3381 264 3423 nec
279 3363 380 3424 dubias
400 3364 628 3441 significationes
648 3385 738 3444 saepe
758 3368 844 3443 iecit,
867 3387 903 3428 ne
925 3365 1048 3446 reliquis
1066 3365 1128 3442 qni·

133 3444 198 3502 dem
216 3462 248 3504 se
269 3464 419 3524 parsurum
441 3447 638 3526 senatoribus,
659 3468 781 3529 eumque
803 3451 932 3512 ordinem
949 3444 1129 3512 ‘sublaturum
