2444 3872
595 157 764 206 orsenius.
1103 148 1144 212 ul

140 309 262 387 Quidam
280 313 461 391 existimant,
478 310 584 374 adultis
598 315 654 373 iam
668 313 792 391 Augusti
809 313 919 393 liberis,
936 315 1005 378 loco
1019 323 1050 376 et
1064 313 1147 396 quasi

138 396 331 476 possessione
346 397 476 476 usurpati
488 414 506 457 a
521 414 555 456 se
569 396 617 456 diu
632 397 750 459 secundi
764 398 872 476 gradus
885 409 992 478 sponte
1007 399 1145 478 cessisse,

136 479 276 560 exemplo
296 479 335 542 lt.
357 480 510 560 Agrippae
529 481 592 559 qui,
612 480 809 544 li.b1areello
832 482 869 544 ad
887 501 1006 546 munera
1028 482 1146 563 publica

1 604 2 648 p
138 563 272 641 admoto,
287 563 442 640 llytilarm
456 563 570 642 abierit,
586 583 623 626 ne
636 574 684 625 aut
695 565 814 628 obstare
826 576 874 628 aut
883 566 1050 629 obtrectare
1060 585 1145 646 prae·

114 664 211 710 secus
225 647 382 710 videretur.
425 648 518 724 Quam
532 666 648 712 causam
662 658 693 710 et
706 650 787 729 ipse,
811 650 863 713 sed
877 659 993 731 postea,
1011 650 1145 713 reddidit.

1 729 3 770 i
136 732 220 794 Tunc
235 741 329 796 autem
343 731 484 797 bouoeuur
496 735 660 796 sadetatem
676 751 710 796 ac
722 736 852 814 requiem
866 735 997 796 laborum
1009 744 1145 815 praeten-

136 816 222 894 dens,
236 825 425 878 munerum
440 818 527 896 petit;
544 835 639 896 neque
655 828 703 880 ant
716 820 800 880 matri
814 819 986 899 suppliciter
1000 821 1145 899 precanti,

136 908 186 962 snt
204 901 308 962 uitrirm
320 899 421 963 deseri
435 919 470 965 se
485 903 570 962 etiam
585 903 614 961 in
637 911 740 964 senato
758 905 948 982 conqumenti
964 905 1079 964 reniam
1095 903 1144 963 de·

37 1064 39 1066 ,
136 984 187 1044 dit.
223 983 298 1061 Quin
319 993 350 1046 et
371 985 549 1064 pertinacius
568 985 774 1064 retinentibus,
799 987 866 1048 cibo
891 1005 946 1068 per
967 987 1145 1068 quatriduum

101 1085 128 1130 ro
139 1067 286 1131 abstinuit.
326 1067 416 1132 Facta
440 1068 554 1132 taudem
576 1069 699 1132 abeundi
720 1079 881 1149 potestate,
902 1071 1014 1132 relictis
1034 1072 1145 1133 Romae

28 1216 30 1220 ,
136 1171 230 1214 uxore
253 1161 284 1214 et
302 1152 362 1216 lilio
378 1153 531 1216 confertim
546 1153 654 1214 Ostiam
669 1153 836 1231 descendit,
859 1173 896 1216 ne
915 1154 1008 1217 verbo
1029 1153 1146 1233 quidem

137 1239 272 1316 cuiquam
294 1239 532 1317 prosequentium
555 1238 669 1299 reddito
693 1256 861 1318 paucosque
885 1238 1035 1300 admodum
1056 1241 1085 1298 in
1103 1237 1143 1298 di·

135 1338 244 1399 gressu
264 1320 459 1382 exosculatus.
487 1321 533 1382 ab
551 1320 630 1384 Ostia
645 1339 725 1383 oram
744 1320 917 1402 Campaniae
933 1323 1048 1402 legens,
1063 1321 1183 1384 iube-11

137 1403 260 1466 eillitate
281 1403 407 1483 Augusti
430 1408 571 1485 nuntiata,
596 1406 712 1486 paulino
736 1406 871 1468 substitit.
915 1408 975 1468 Sed
994 1406 1143 1468 increbre-

100 1509 126 1552 rs
137 1497 241 1549 scente
255 1505 370 1550 rumore
385 1490 466 1568 quasi
480 1490 515 1560 ad
527 1492 712 1552 occasionem
730 1491 846 1552 rarioris
865 1493 931 1570 spei
949 1507 1143 1554 commorare·

134 1582 200 1650 tur,
220 1581 330 1636 tantum
351 1590 408 1634 non
427 1572 558 1634 adversis
581 1573 800 1653 tempestatibus
813 1573 947 1636 Rhodum
968 1576 1143 1652 mavigauit,

134 1657 312 1726 amoenitate
328 1665 359 1718 et
374 1657 544 1719 salubritate
558 1658 670 1719 insulae
683 1660 739 1718 iam
753 1657 820 1718 inde
831 1667 933 1738 captus
947 1677 1012 1720 cum
1028 1658 1064 1720 ad
1079 1675 1144 1718 eam

135 1740 174 1802 ab
186 1740 324 1803 Armenia
337 1739 454 1802 rediens
465 1741 636 1822 appulisset.
655 1741 709 1803 llic
720 1742 840 1802 modieis
856 1751 1008 1804 contentus
1023 1740 1144 1802 aedibus

1 1892 2 1896 ,
135 1843 196 1886 uec
209 1824 298 1886 multo
312 1825 426 1886 laxiore
441 1824 615 1903 suburbano,
633 1843 726 1904 penus
740 1828 818 1887 vitae
836 1825 923 1886 civile
936 1825 1086 1888 admodum
1101 1827 1143 1884 in·

97 1929 125 1972 ao
135 1909 243 1985 stituit,
253 1910 315 1970 sino
331 1909 436 1970 lictore
452 1918 500 1970 aut
510 1911 623 1970 uiatore
630 1911 780 1988 gymnasio
792 1910 933 1972 interdum
944 1909 1143 1986 obambulans,

134 2000 292 2072 mutuaque
308 2011 372 2054 curn
387 1991 542 2055 Graeculis
554 1993 653 2055 oldaia
667 2012 809 2074 usurpans
825 2012 920 2074 prope
936 2013 974 2056 ex
990 2010 1094 2074 aequo.

199 2074 290 2137 Forte
302 2077 444 2156 quondam
459 2079 488 2137 in
502 2078 681 2157 disponendo
697 2076 743 2139 die
754 2096 837 2139 mane
852 2079 1049 2159 praedixerat,
1062 2075 1142 2155 quid·

136 2159 204 2242 quid
220 2178 374 2238 aegrorum
391 2163 421 2222 in
436 2163 553 2222 civitate
568 2172 648 2224 esset
664 2164 780 2224 visitare
799 2180 832 2222 se
848 2162 941 2232 velle;
964 2162 994 2224 id
1008 2181 1025 2224 a
1041 2161 1140 2239 proxi·

134 2247 190 2306 mis
213 2243 297 2305 aliter
310 2253 473 2324 exceptum,
488 2247 615 2324 iussique
634 2255 699 2306 suat
719 2263 819 2308 omnes
839 2248 922 2325 aegri
945 2247 973 2307 in
995 2245 1141 2326 publicam

98 2349 125 2392 ac
136 2331 281 2410 porticum
296 2328 405 2390 deterri
421 2348 457 2390 ac
471 2348 526 2407 per
542 2329 725 2391 valitudinum
740 2348 848 2408 genera
863 2330 986 2410 disponi.
1023 2328 1140 2390 Percul-

135 2427 188 2476 sus
206 2429 279 2490 erqo
302 2414 450 2493 inopinata
472 2432 506 2474 re
525 2413 629 2493 diuque
648 2414 715 2494 quid
733 2422 836 2490 ageret
856 2417 1001 2490 incertus,
1026 2412 1141 2474 tandem

135 2495 269 2574 singulos
286 2498 401 2574 circuitu
424 2515 567 2558 excusans
582 2499 688 2558 iactum
705 2500 791 2558 etiam
809 2498 975 2558 tenuissimo
992 2498 1095 2574 cuique
1112 2504 1142 2555 et

134 2585 249 2660 ignoto.
288 2579 457 2642 Uuumboc
472 2579 558 2642 modo
572 2599 668 2662 neque
682 2589 836 2662 praeterea
852 2581 1002 2662 ququam
1017 2587 1144 2640 notatum

137 2674 195 2744 est,
211 2666 241 2726 iu
257 2681 315 2744 quo
331 2666 498 2728 exseruisse
513 2667 558 2726 ius
572 2665 742 2727 tribuniciae
753 2667 907 2744 potestatis
918 2666 998 2726 durs
1009 2665 1062 2725 sit:
1079 2680 1144 2724 cum

1 2769 2 2775 ¹
99 2767 127 2812 ao
139 2751 220 2811 eirca
241 2748 359 2813 scholas
374 2757 406 2812 et
420 2749 559 2810 auditoria
583 2749 782 2830 professorum
801 2748 932 2810 assiduus
947 2757 1040 2826 esset,
1063 2756 1142 2808 moto

136 2837 213 2894 inter
230 2833 437 2914 antisophistas
451 2835 588 2912 grauiore
603 2835 712 2911 iurgio,
729 2851 787 2895 non
803 2833 893 2894 deluit
909 2835 957 2912 qui
975 2851 1039 2894 cum
1054 2835 1144 2892 inter·
1220 2875 1221 2878 ,

136 2919 304 2978 uenientem
318 2927 349 2978 et
360 2919 441 2998 quasi
456 2917 659 2979 studiosiorem
670 2919 761 2998 partis
775 2917 892 2978 alterius
905 2919 1033 2978 convitio
1047 2917 1142 2977 inces-

137 3011 230 3064 seret.
264 3001 377 3070 sensim
397 3003 494 3081 itaque
509 3019 663 3081 regressus
684 3002 812 3080 domum,
834 3011 957 3092 supputa
972 3018 1142 3080 eum-appa·

137 3084 278 3146 ritoribus
293 3086 399 3165 prodiit
415 3088 587 3165 citatumque
599 3104 653 3167 pro
665 3085 798 3146 tribunali
812 3104 887 3147 voce
903 3087 1058 3166 praeconis
1073 3102 1142 3145 eoo·

100 3185 128 3236 at
138 3171 304 3230 vitiatorem
318 3173 381 3250 rapi
396 3170 478 3232 iussit
491 3171 521 3244 ip
536 3183 694 3231 carcerem.

201 3249 354 3334 Comperit
372 3253 476 3314 deinde
490 3254 591 3315 luliam
611 3272 731 3317 uxorem
752 3254 790 3317 ob
807 3254 941 3316 libidines
956 3261 1042 3332 atqm
1063 3249 1141 3311 adul-

137 3337 211 3398 teria
236 3337 410 3416 damnatam,
432 3337 640 3418 repudiumque
660 3340 688 3399 ei
707 3357 760 3400 suo
781 3339 895 3400 nomine
918 3355 956 3398 ex
971 3335 1142 3397 auctoritate

137 3420 263 3500 Augusti
280 3422 445 3494 remissurn3
469 3431 498 3482 et
513 3439 680 3502 quenquam
695 3424 788 3484 lactus
803 3423 917 3500 nuntio,
937 3430 1032 3484 tamen
1051 3416 1143 3480 officii
1212 3497 1217 3504 .
