2412 3876
97 197 138 258 60
183 207 213 256 c.
230 205 380 254 sacroru
395 204 522 262 uacuo.
538 203 586 250 na
599 203 681 249 vrrs
697 200 881 250 caussatur
896 203 963 249 nra.
980 205 1020 252 11.

98 375 231 441 tempore
245 371 274 421 et
287 361 355 421 loca
371 360 440 436 lege
456 367 556 417 vetere
571 358 757 435 permissam,
777 355 883 416 ademit
898 366 1104 438 praeterquam

98 449 173 510 ludis
200 455 230 506 et
250 462 348 505 scama.
384 442 449 501 Nec
470 451 566 501 tamen
587 457 623 500 ec
643 441 736 499 miuus
751 450 799 500 aut
812 442 991 518 nauticorum
1006 444 1103 503 certa·

99 535 192 592 tiones
213 538 262 590 aut
281 526 472 606 gladiatorum
497 542 609 604 pugnas
634 524 820 584 severissime
847 543 964 603 semper
990 531 1103 604 exegit.

98 617 170 676 Nam
190 613 358 674 histrionum
372 611 517 671 licentiam
531 607 606 668 adeo
623 609 815 685 compescuit,
834 617 863 668 nt
874 607 1105 688 Stephanionem

99 699 288 777 togatarium,
305 697 351 756 cni
366 689 395 753 in
414 693 554 773 puerilem
565 691 691 751 habitum
706 693 926 754 circumtonsam
942 701 1131 756 matronama

100 784 280 844 ministrasse
295 785 494 858 compererat,
511 795 565 855 per
576 777 650 835 trina
664 775 777 836 theatra
793 777 884 854 virgis
896 793 1012 836 caesum
1024 777 1103 836 rele-

100 867 227 946 gaverit,
244 863 338 940 Hylan
356 862 574 940 pantomimum,
593 866 734 938 querente
749 869 901 940 praetore,
917 861 947 919 in
959 861 1033 922 atrio
1049 859 1103 921 do·

98 969 161 1010 mus
184 967 254 1010 suae
281 949 394 1007 nemine
422 944 545 1005 excluso
574 943 699 1020 flagellis
721 941 896 1020 verberarit,
922 953 951 1004 et
971 944 1104 1018 Pyladen

100 1034 170 1094 urbe
188 1043 275 1111 atque
288 1031 370 1090 ltalia
389 1030 585 1104 summoverit,
604 1027 683 1106 qnod
698 1036 910 1106 spectatorem,
926 1046 943 1088 a
964 1045 1021 1106 quc
1040 1029 1103 1088 exi-

100 1117 256 1193 bilabatur,
273 1114 500 1174 demonstrasset
514 1111 604 1188 digito
620 1113 866 1190 conspicuumque
881 1112 1012 1172 fecisset.
1114 1132 1139 1174 ro

56 1217 92 1272 46
165 1199 212 1260 Ad
237 1199 313 1260 hunc
336 1195 450 1257 modam
475 1195 546 1254 urbe
572 1193 747 1273 urbanisque
771 1193 860 1255 rebus
887 1195 1102 1273 administratis,

101 1284 213 1346 ltaliam
231 1282 442 1358 duodetriginta
460 1279 638 1338 coloniarum
653 1295 789 1354 numero,
805 1279 990 1340 deductarum
1005 1280 1041 1340 ab
1057 1299 1103 1356 se,
1182 1320 1185 1324 -

100 1368 295 1447 frequentavit
311 1364 508 1445 operibusque
523 1381 558 1422 ac
574 1362 767 1439 vectigalibus
783 1361 908 1441 publicis
924 1364 1103 1443 plurifariam

100 1453 248 1527 instruxit,
271 1452 356 1510 etiam
377 1450 438 1507 iure
463 1465 499 1508 ac
518 1446 684 1523 dignatione
706 1446 770 1506 urbi
792 1445 916 1526 quodam
937 1448 1025 1508 modo
1047 1465 1103 1528 pro

101 1545 184 1616 parte
209 1534 304 1614 aliqua
331 1533 518 1611 adaequavit,
549 1531 717 1607 excogitato
744 1549 855 1608 genere
886 1532 1137 1610 suffragiorum,1a

102 1617 177 1700 quae'
203 1619 240 1679 de
265 1616 480 1696 magistratibus
505 1614 613 1675 urbicis
641 1615 813 1676 decuriones
840 1615 966 1676 colonici
996 1619 1025 1677 in
1051 1637 1103 1678 sua

102 1706 225 1785 quisque
241 1703 357 1764 colonia
372 1701 483 1762 ferrent
500 1709 529 1758 et
543 1699 595 1760 sub
610 1699 656 1760 die
673 1699 851 1760 comitiorum
875 1700 1029 1778 obsignata
1042 1702 1102 1762 Ro·

100 1807 174 1849 mam
189 1789 343 1847 mitterent.
382 1783 428 1845 Ac
444 1783 554 1844 «necubi
577 1794 625 1846 aut
645 1784 832 1846 bonestorum
853 1784 993 1846 deiiceret
1016 1789 1104 1864 copia

102 1882 148 1933 aut
170 1870 356 1933 multitudinis
377 1869 513 1947 suboles,
538 1878 703 1948 equestrem
724 1869 851 1929 militiam
870 1871 995 1946 petentis
1017 1871 1103 1930 etiam

102 1976 140 2017 ex
155 1954 405 2016 commendatione
421 1953 537 2034 publica
554 1955 691 2031 cuiusque
708 1953 809 2032 oppidi
825 1951 992 2023 ordinabat;
1010 1963 1039 2014 at
1053 1955 1100 2030 iis,
1110 1979 1137 2020 20

103 2043 150 2118 qui
166 2059 183 2100 e
201 2039 289 2118 plebe
304 2041 443 2116 regiones
458 2037 513 2098 sibi
527 2039 666 2097 reuisenti
679 2036 755 2097 lilios
767 2036 880 2098 filiasve
896 2037 1103 2116 approbarent,

104 2123 218 2200 singula
234 2140 411 2183 nummorum
426 2122 503 2183 milia
519 2138 573 2200 pro
590 2120 711 2202 singulis
728 2121 882 2182 dividebat.

59 2205 93 2260 47
166 2206 336 2268 Prouincias
349 2205 507 2266 validiores
529 2214 557 2264 et
573 2223 644 2284 quas
661 2207 761 2265 annuis
781 2206 997 2282 magistratuum
1013 2209 1103 2286 impe-

102 2292 152 2352 riis
170 2291 235 2366 regi
260 2306 315 2348 nec
335 2289 423 2348 facile
443 2308 499 2349 nec
518 2296 611 2348 tutum
628 2296 707 2364 erat,
733 2290 797 2368 ipse
820 2291 963 2368 suscepit,
988 2300 1103 2351 ceteras

104 2372 327 2453 proconsulibus
350 2375 452 2433 sortito
475 2373 619 2451 permisit;
644 2381 673 2430 et
693 2381 789 2432 tamen
809 2373 962 2434 nonnullas
978 2391 1138 2438 commu-sa

102 2460 173 2519 tavit
194 2457 335 2517 interdum
355 2465 442 2535 atque
464 2465 645 2534 aratroque
667 2473 777 2533 genere
805 2456 962 2535 plerasque
985 2462 1104 2538 saepius

102 2542 179 2603 adiit.
220 2541 340 2604 Urbium
366 2540 519 2620 quasdam,
540 2539 707 2600 foederatas
729 2539 783 2599 sed
803 2539 839 2600 ad
855 2543 972 2602 exitium
987 2541 1105 2604 licentia

103 2627 290 2704 praecipites,
306 2625 441 2685 libertate
456 2619 596 2702 priuauit,
612 2623 683 2684 alias
695 2633 742 2684 aut
755 2642 823 2684 aere
836 2624 931 2685 alieno
944 2624 1104 2687 laborantis

102 2708 228 2785 levavit,
249 2717 296 2768 aut
316 2717 414 2770 terrae
434 2717 512 2768 motu
536 2707 692 2768 subversas
710 2707 804 2768 denuo
820 2705 960 2786 condidit,
983 2718 1030 2770 aut
1044 2729 1103 2770 me·

102 2793 155 2851 rita
177 2809 247 2868 erga
268 2791 407 2871 populum
426 2793 462 2854 R.
484 2791 654 2870 adlegantes
673 2790 823 2853 latinitate
845 2794 894 2853 vel
914 2794 1029 2853 civitate
1051 2793 1139 2855 doao

102 2876 189 2934 navit.
227 2874 291 2936 Nec
312 2884 369 2954 est,
395 2883 425 2935 ut
445 2877 565 2954 opinor,
589 2877 757 2954 provincia,
781 2884 906 2954 excepta
933 2875 999 2936 dum
1024 2885 1105 2938 taxat

102 2958 202 3018 Africa
224 2967 253 3018 et
275 2959 421 3036 Sardinia,
448 2977 531 3037 quam
552 2977 610 3018 non
629 2957 740 3019 adierit.
779 2957 812 3018 ln
836 2958 888 3019 has
909 2960 1011 3038 fugato
1033 2961 1103 3021 Sex.
1204 3003 1205 3036 ,

102 3041 242 3118 Pompeio
260 3043 384 3102 traicere
400 3061 438 3102 ex
456 3042 554 3103 Sicilia
575 3052 763 3122 apparantem
785 3043 937 3104 continuae
960 3053 989 3104 et
1004 3046 1103 3121 imma-

103 3124 185 3184 dioae
205 3131 393 3204 tempestates
414 3125 608 3204 inhibuerunt,
632 3144 687 3186 nec
712 3144 782 3186 mox
801 3129 921 3186 occasio
940 3137 987 3188 aut
1015 3147 1103 3205 causa

55 3277 62 3288 ,
103 3208 250 3269 traiciendi
265 3208 328 3269 fuit.
608 3247 610 3252 -
1112 3229 1138 3272 aa

59 3303 95 3359 48
163 3293 330 3370 Regnorum
360 3293 463 3371 quibus
477 3292 548 3352 belli
563 3293 625 3355 iure
648 3293 756 3371 potitus
780 3303 842 3372 est,
864 3303 982 3374 praeter
999 3314 1104 3374 pauca,

103 3385 150 3434 aut
170 3377 261 3436 isdem
285 3375 388 3456 quibus
409 3376 556 3437 ademerat
577 3376 715 3453 reddidit,
736 3387 784 3438 aut
805 3378 976 3456 alienigenis
999 3381 1104 3440 contri·

101 3457 171 3517 buit.
204 3461 305 3538 Reges
320 3463 418 3522 socios
440 3462 525 3520 etiam
543 3460 617 3520 inter
633 3470 724 3521 semet
739 3463 821 3539 ipsos
842 3463 1105 3525 necessitudinibus
