2444 3872
127 165 170 230 98
204 177 233 225 o.
252 174 402 238 sunnone
419 173 546 234 annuc.
560 173 608 221 nn
625 174 708 223 vrrs
724 174 909 224 cassanen
925 177 995 223 me.
1007 178 1060 226 111.

129 331 330 414 praetorianis.
359 329 569 393 Germaniciani
582 330 696 408 quidem
711 331 795 391 etiarn
810 331 974 412 prinoipem
989 331 1134 396 detracta-

129 419 201 480 bant
211 433 270 478 non
286 434 302 476 a
317 433 349 476 se
364 415 475 490 datum,
494 430 658 494 summaque
677 415 706 473 vi
723 415 939 493 Germanicum,
960 417 1008 494 qui
1024 425 1083 477 tum
1098 418 1135 478 iis

127 509 280 584 praeerat,
295 500 331 561 ad
344 497 551 578 capessendam
565 516 627 558 rem
639 516 668 578 p.
683 499 842 576 urgebant,
859 517 1030 598 qnanncpram
1045 488 1134 561 oblid-

112 595 205 662 ‚mate
218 586 411 661 resistentem.
445 583 537 658 Quem
551 585 673 642 maxime
690 600 787 643 casum
802 585 922 661 timens,
943 591 1057 662 portes
1071 585 1138 647 stoi

128 687 209 750 qaas
223 663 347 730 senaim·
360 665 484 742 liberet,
506 665 637 726 tuendos
654 668 686 726 tra
697 684 778 744 rep.
795 666 985 748 depoposcit,
1005 669 1165 748 qnondos

127 754 293 815 univocae
307 750 452 830 &afficere
466 750 553 812 cotos
566 769 653 812 nano
666 757 791 828 posset,
806 753 869 814 otei
885 771 953 813 oum
967 753 1067 815 altero
1083 755 1137 815 vel

127 839 220 902 ettam
234 855 302 898 cum
313 835 469 915 pluribus.
500 834 651 894 Simulavit
663 843 692 894 et
703 834 897 914 valitudinem,
914 855 972 916 qno
990 840 1135 916 aequiore

126 925 220 985 animo
233 921 418 984 Germanicus
433 918 560 980 celerem
575 918 793 979 successionem
804 919 852 980 vel
865 929 946 981 certe
958 923 1136 984 societatem

127 1009 306 1088 principatus
328 1005 521 1086 opperiretur.
553 1001 729 1083 Compositis
743 1002 933 1065 seditionibus
951 1003 1135 1068 Clementem

127 1109 259 1172 quoque,
278 1089 379 1151 iraude
398 1088 566 1166 deceptum,
588 1087 703 1166 redegit
722 1087 751 1146 in
766 1097 950 1167 potestatem.
980 1090 1174 1170 Libonem,1c

126 1194 164 1235 ne
185 1173 253 1253 qnid
273 1175 301 1233 iu
322 1174 450 1232 novitate
466 1172 600 1233 acerbius
615 1173 715 1248 lieret,
738 1173 868 1233 secundo
885 1173 997 1234 demum
1012 1193 1087 1236 anno
1103 1178 1134 1236 in

126 1267 227 1320 senatu
250 1259 396 1334 coarguit,
414 1255 510 1317 medio
529 1257 667 1335 temporis
691 1257 785 1335 spatio
808 1265 915 1318 tanbum
936 1277 1132 1320 cavereccn-

125 1351 236 1411 tentus;
252 1359 317 1402 nam
333 1349 362 1401 et
376 1343 451 1400 inter
469 1341 622 1420 pontifices
635 1341 808 1402 sacrificanti
819 1342 903 1403 sirnul
914 1360 969 1423 pro
982 1346 1133 1423 secespita

125 1425 291 1507 plumbeum
312 1424 434 1486 cultrum
448 1423 646 1485 subiciendum
667 1426 793 1502 curavit,
814 1434 843 1486 et
858 1435 1003 1487 secretum
1018 1430 1133 1506 petenti

124 1511 238 1572 nonnisi
254 1508 380 1571 adhibito
395 1508 491 1570 Druso
513 1509 572 1570 irlio
587 1508 680 1586 dedit,
710 1509 897 1590 dextramque
914 1505 1128 1572 obambulantis
1138 1533 1172 1574 ac

125 1595 215 1655 veluti
229 1593 410 1671 incumbens,
431 1593 524 1673 quoad
540 1603 732 1673 perageretur
747 1612 860 1671 sermo,
877 1597 1024 1655 continuit.

78 1701 117 1755 26
188 1681 297 1740 Verum
317 1679 456 1740 liberatus
475 1687 568 1755 metu,
591 1678 707 1738 civilem
726 1677 875 1740 admodum
896 1680 971 1739 inter
991 1681 1069 1740 initia
1091 1698 1127 1741 ac

125 1764 323 1844 paulominus
346 1781 431 1842 quam
453 1765 593 1842 privatum
614 1764 683 1840 egit.
719 1759 766 1823 Ex
785 1763 915 1841 plurimis
935 1766 1128 1844 maximisque

123 1848 283 1910 bonoribus
303 1857 421 1926 praeter
442 1864 554 1926 paucos
574 1855 603 1906 et
621 1846 754 1907 modicos
768 1863 827 1907 non
843 1849 965 1926 recepit.
992 1848 1128 1909 Natalem

123 1951 219 2010 suum,
239 1932 354 2012 plebeis
376 1933 569 1992 incurrentem
592 1929 786 2009 circensibus,
811 1933 860 1990 vix
876 1934 958 1992 unius
973 1933 1062 2010 bigae
1078 1933 1171 2000 adan

122 2020 248 2078 iectione
270 2016 406 2077 honorari
420 2033 528 2095 passus
549 2023 603 2075 est.
634 2013 769 2095 Templa,
787 2014 933 2094 flamines,
956 2016 1129 2079 sacerdotes

9 2171 10 2176 η
123 2102 241 2162 decerni
258 2101 314 2160 sibi
330 2099 491 2180 prohibuit,
508 2099 594 2159 etiam
610 2107 718 2160 statuas
732 2107 818 2178 atque
833 2101 974 2176 imagines
991 2103 1046 2161 nisi
1060 2120 1128 2182 per-

9 2185 13 2228 t
121 2186 251 2246 mittente
273 2203 306 2244 se
331 2187 414 2262 poni:
438 2185 624 2262 permisitque
647 2201 680 2244 ea
704 2183 767 2243 sola
790 2183 973 2262 conditione,
996 2204 1034 2245 ne
1051 2187 1129 2246 inter

43 2314 47 2321 .
122 2269 274 2330 simulacra
296 2268 416 2328 deorum
437 2267 489 2328 sed
512 2270 588 2327 inter
616 2274 782 2328 ornamenta
803 2267 914 2328 aedium
936 2279 1127 2348 ponerentur»

120 2355 291 2416 intercessit
314 2362 343 2412 et
365 2370 421 2431 quo
439 2353 531 2411 minus
547 2353 575 2410 in
592 2360 656 2412 acta
674 2369 725 2412 sua
740 2353 898 2429 iuraretur,
919 2363 949 2413 et
963 2373 1000 2414 ne
1017 2357 1168 2417 mersisse

121 2437 296 2519 September
312 2437 455 2514 Tiberius,
472 2434 602 2497 October
617 2435 713 2495 Livius
729 2445 912 2496 vocarentur.
945 2437 1129 2499 Praenomen

121 2541 238 2604 quoque
260 2521 511 2602 imperatoris
535 2537 756 2598 cognomenque
772 2520 890 2599 patris
912 2525 1074 2600 patriae,
1097 2533 1128 2583 et

121 2609 242 2666 civicam
269 2608 297 2665 in
327 2605 471 2666 uestibulo
500 2620 638 2665 coronam
659 2605 818 2674 recusavit;
849 2622 883 2664 ac
907 2622 943 2664 ne
964 2605 1126 2684 Augusti

120 2690 234 2770 quidem
254 2707 375 2767 nomen,
397 2706 566 2769 quamquam
585 2686 803 2765 bereditarium,
827 2687 893 2748 ullis
915 2691 969 2749 nisi
985 2690 1127 2768 adneges

120 2793 155 2835 ac
178 2773 314 2848 dynastas
340 2774 472 2852 epistolis
495 2772 611 2833 addidit.
641 2771 705 2832 Nec
728 2773 848 2851 amplius
869 2790 953 2851 quarn
973 2791 1042 2841 mox
1063 2783 1168 2840 tressa

121 2857 302 2934 consulatus,
331 2875 415 2932 unum
442 2859 543 2937 paucis
569 2855 687 2934 diebus,
711 2856 831 2916 alterum
851 2855 943 2917 tribus
964 2858 1125 2937 mensibus,

119 2944 232 3002 tertium
248 2941 354 3000 absens
368 2959 459 3020 nsque
473 2943 501 3001 in
514 2941 582 3002 ldus
596 2940 686 3001 Maias
702 2940 805 3018 gessit.

36 3082 46 3112 ,Ι
75 3039 108 3093 27
180 3024 369 3086 Adulationes
391 3025 464 3085 adeo
486 3033 636 3086 aversatus
658 3034 719 3101 est,
745 3033 775 3084 nt
795 3027 938 3086 neminem
958 3034 1126 3087 senatorum

119 3118 166 3171 aut
181 3110 271 3170 cilicii
287 3119 335 3170 aut
350 3111 461 3188 negotii
477 3128 562 3169 causa
579 3108 615 3168 ad
632 3108 766 3168 lecticam
783 3127 861 3170 suam
879 3108 1037 3187 admiserit,
1055 3127 1124 3170 con·

117 3195 243 3256 sularem
259 3211 346 3272 vero,
363 3195 587 3270 satisfacientem
602 3192 657 3253 sibi
673 3211 708 3252 ac
723 3211 776 3272 per
792 3211 888 3272 genua
904 3209 991 3255 orare
1001 3241 1005 3250 .
1015 3199 1123 3264 conan-
1133 3202 1166 3248 aa

117 3289 194 3358 tem,
217 3281 255 3339 ita
277 3279 429 3355 suffugerit
452 3286 481 3336 nt
497 3276 613 3337 caderet
630 3277 763 3356 supinus;
786 3287 872 3359 atque
891 3277 992 3356 etiam,
1014 3277 1124 3358 siquid

22 3395 26 3400 -
116 3366 146 3421 in
162 3379 294 3424 sermone
308 3362 358 3422 vel
377 3363 405 3419 in
422 3361 555 3422 continua
571 3360 847 3424 orationeblandius
865 3361 901 3424 de
915 3381 949 3423 se
965 3361 1122 3442 diceretur,
1172 3368 1176 3375 '

116 3463 175 3506 non
202 3447 345 3507 dubitaret
367 3444 556 3524 interpellare
580 3463 615 3505 ac
641 3445 859 3526 reprehendere
887 3455 918 3508 et
945 3455 1123 3508 commutare
