2412 3876
21 266 27 286 ‚
110 189 153 250 64
190 200 221 248 c.
238 198 390 247 sunuorm
408 196 536 256 nanno.
553 197 601 244 nn
617 197 700 246 vrrs
714 195 899 245 cassanum
914 196 984 246 nra.
1000 198 1039 246 11.

109 361 220 426 retum·
243 362 272 413 et
294 352 540 414 consentientibus
563 353 706 412 universis
734 351 809 412 sedit
832 353 861 411 in
886 351 1034 413 subselliis
1059 370 1118 431 per

17 439 20 502 ἱ
110 440 222 517 aliquot
237 437 336 514 horas,
350 454 452 497 verum
466 438 569 496 tacitus
584 446 614 496 et
629 454 666 495 ne
682 437 846 496 laudatione
860 434 975 515 quidem
989 435 1118 511 iudiciali

16 519 18 554 ³
111 524 187 583 data.
227 519 319 602 Affuit
340 530 369 580 et
393 520 563 596 clientibus,
587 522 661 580 sieut
683 520 814 580 Scutario
837 519 962 597 cuidam,
987 529 1116 596 evocato

14 675 15 688 χ
113 604 256 686 qnondam
278 622 346 682 suo,
375 607 421 684 qui
442 604 642 683 postulabatur
664 605 836 665 iniuriarum.
881 604 975 665 Unum
998 604 1117 664 omnino

14 715 15 718 ¹
112 709 129 750 e
149 707 264 751 reorum
285 706 422 764 numero,
444 706 479 749 ac
500 707 537 748 ne
558 706 622 748 eum
643 687 757 766 quidem
776 688 831 747 nisi
845 687 984 767 precibus
997 688 1141 768 eripuit‚t

111 783 234 835 exorato
257 789 354 834 coram
374 772 516 832 iudicibus
536 781 726 850 accusatore,
750 769 936 848 Castricium,
959 789 1118 851 perquem

112 859 148 919 de
166 857 363 921 coniuratione
377 857 514 918 Murenae
533 865 725 934 cognoverat.
919 917 922 923 Α

67 961 103 1016 57
176 942 232 1002 Pro
257 941 360 1021 quibus
382 941 490 1001 meritis
519 949 698 1020 quantopere
724 939 847 999 dilectus
875 940 927 1020 sit,
954 939 1041 1000 facile
1069 947 1118 1000 est

112 1029 274 1088 aestimare.
308 1025 414 1085 Omitto
430 1032 548 1084 senatus
565 1023 711 1100 consulta,
731 1025 797 1102 quia
815 1033 937 1102 possunt
956 1023 1049 1084 videri
1065 1022 1116 1083 rel

20 1125 26 1134 ·
111 1111 288 1170 necessitate
311 1125 454 1188 expressa
474 1109 522 1168 vel
549 1107 735 1169 verecundia.
778 1106 901 1185 Equites
928 1107 964 1167 ll.
988 1107 1115 1168 natalem
1125 1128 1153 1171 1o

109 1196 173 1256 eius
190 1203 294 1272 sponte
311 1201 398 1271 atque
410 1208 555 1252 consensu
568 1192 653 1252 biduo
668 1209 784 1270 semper
796 1191 989 1252 celebrarunt.
1007 1191 1115 1250 Omnes

111 1277 227 1339 ordines
254 1277 282 1336 in
304 1275 397 1336 lacum
419 1274 499 1336 Gurti
521 1285 592 1355 quot
614 1277 695 1336 annis
717 1294 755 1336 ex
776 1283 847 1335 voto
865 1293 918 1355 pro
942 1274 1035 1336 salute
1051 1275 1115 1334 eius

110 1365 216 1441 stipem
237 1360 395 1438 iaciebant,
417 1361 484 1419 item
499 1360 562 1420 llal.
578 1360 639 1421 lan.
657 1369 783 1430 strenam
798 1361 826 1418 in
843 1357 1004 1437 Capitolio,
1027 1360 1116 1419 etiam

110 1446 237 1523 absenti,
255 1463 292 1504 ex
308 1462 363 1523 qua
378 1462 485 1504 surnrna
502 1446 711 1523 pretiosissima
731 1442 851 1504 deorum
866 1443 1019 1504 simulacra
1039 1460 1116 1502 mer·

109 1539 206 1606 catus,
228 1529 344 1588 vicatim
364 1527 531 1606 dedicabat,
555 1537 585 1587 ut
599 1527 766 1607 Apollinem
788 1527 996 1588 Sandaliarium
1017 1535 1048 1586 et
1067 1527 1114 1586 lo·
1127 1553 1154 1594 η

110 1632 176 1674 vem
199 1613 383 1690 Tragoedum
404 1612 528 1690 aliaque.
560 1612 593 1672 ln
615 1613 827 1672 restitutionem
844 1610 989 1672 Palatinae
1013 1609 1117 1671 domus

110 1697 243 1758 incendio
258 1696 427 1776 absumptae
443 1699 592 1773 veterani,
616 1696 768 1772 decuriae,
789 1695 897 1772 tribus,
920 1704 1007 1773 atque
1029 1696 1117 1754 etiam

109 1782 277 1858 singillatim
292 1799 316 1858 e,
326 1790 425 1841 cetero
441 1798 553 1857 genere
565 1781 708 1840 hominum
719 1778 844 1840 libentes
859 1796 895 1840 ac
907 1796 961 1858 pro
976 1778 1116 1840 laenitate

110 1867 233 1945 quisque
259 1861 397 1944 pecunias
425 1863 620 1941 contulerunt,
654 1864 800 1924 delibante
824 1872 932 1924 tautum
959 1863 1046 1924 modo
1077 1878 1114 1922 eo

109 1967 280 2009 summarum
303 1965 426 2010 acervos
452 1966 547 2027 neque
574 1967 611 2007 ex
638 1965 780 2028 quoquam
806 1948 871 2027 plns
893 1948 1011 2008 denario
1035 1947 1153 2013 anie-20

109 2041 200 2092 rente.
235 2033 443 2093 Revertentem
463 2050 501 2091 ex
526 2033 677 2112 provincia
693 2050 751 2092 non
777 2032 870 2092 solnm
891 2032 993 2092 faustis
1015 2031 1116 2092 omini·

110 2117 178 2192 bus,
197 2115 250 2174 sed
268 2125 296 2175 et
311 2115 464 2176 modulatis
481 2115 654 2176 carminibus
671 2115 933 2195 prosequebantnr.
969 2114 1115 2176 Observa·

110 2208 169 2257 tum
188 2199 274 2258 etiam
296 2208 355 2276 est,
380 2217 417 2258 ue
442 2203 575 2278 quotiens
596 2198 728 2260 introiret
748 2199 864 2277 urbem,
887 2200 1061 2279 supplicium
1077 2197 1115 2258 de

67 2292 253 2361 58quoquam
278 2292 447 2343 sumeretur.
485 2282 608 2342 Patris
630 2285 773 2362 patriae
801 2299 965 2361 cognomen
986 2283 1115 2343 universi

109 2367 262 2444 repentino
284 2368 466 2446 maximoque
489 2384 632 2427 consensu
656 2367 819 2428 detulerunt
838 2368 881 2428 ei:
902 2368 993 2446 prima
1016 2365 1113 2447 plebs,
1123 2387 1150 2428 ae

109 2449 259 2526 legatione
280 2451 396 2512 Antium
417 2452 503 2511 missa
510 2473 518 2521 ;
541 2452 621 2528 dein,
645 2453 784 2530 quianon
805 2451 992 2532 recipiebat,
1005 2452 1114 2511 ineunti

109 2535 219 2595 Romae
241 2535 409 2613 spectacula
431 2535 570 2613 frequens
591 2545 620 2594 et
639 2535 782 2604 laureata;
806 2553 875 2596 mox
889 2538 918 2595 in
934 2537 1013 2596 curia
1031 2552 1113 2596 sena·

110 2625 171 2692 tus,
193 2634 289 2696 neque
310 2619 430 2678 decreto
451 2637 546 2697 neque
569 2619 795 2694 adclamatione,
817 2620 868 2679 sed
891 2638 945 2699 per
965 2619 1114 2680 Valerium

109 2698 272 2759 Messalam.
316 2702 345 2761 ls
366 2701 563 2762 mandantibus
586 2705 713 2780 cunctis,
745 2701 837 2777 Quod
857 2703 983 2782 bonum,
1011 2704 1114 2784 inquit,

107 2781 306 2862 faustumque
325 2786 367 2845 sit
380 2783 613 2867 tidi'domoiqoe
637 2794 724 2866 tuoe,
747 2786 870 2848 Caesar
891 2786 1047 2868 Aupuste!
1068 2788 1150 2848 sicto

108 2867 188 2926 enim
208 2884 266 2928 nos
292 2875 474 2947 perpetuom
493 2869 673 2948 felicitatem
690 2872 787 2950 reip.
810 2879 840 2934 et
853 2872 938 2932 loeta
959 2871 1031 2933 huic
1043 2870 1120 2932 ordi

107 2951 237 3026 precari
248 2952 474 3014 existimomus:
490 2961 617 3020 senatus
633 2956 863 3018 teconseutt’eus
875 2973 943 3018 eom
950 2955 1115 3034 populolt.

111 3034 288 3095 consalutat
299 3037 426 3114 patriae
441 3045 572 3116 potrern.
609 3038 660 3099 Cui
677 3039 828 3100 lacrimans
850 3039 1001 3118 respondit
1015 3037 1115 3116 Augu·
1173 3063 1174 3066 ¹

110 3125 171 3176 stus
187 3118 230 3178 his
245 3121 342 3180 verbis
359 3122 439 3200 (ipsa
455 3123 546 3199 enim,
563 3125 637 3183 sicut
653 3123 814 3200 Messalae,
837 3123 954 3204 posui):
979 3121 1115 3202 Compos

108 3199 213 3278 foetos
232 3211 372 3266 votorum
397 3222 547 3283 meorum,
580 3205 614 3267 P.
642 3205 676 3266 0.
701 3209 776 3288 quid
797 3207 898 3270 babeo
927 3205 1016 3268 aliud
1038 3207 1148 3272 densas

110 3285 299 3348 immortales
311 3289 455 3365 procori,
477 3307 569 3368 quom
583 3298 617 3352 ot
629 3291 709 3353 bono
724 3310 905 3354 consensum
919 3297 1055 3352 oestrum
1072 3293 1115 3352 od

110 3369 245 3432 ultimum
255 3372 345 3450 finem
360 3373 443 3434 vitoe
456 3373 530 3433 milri
540 3373 684 3453 perferre
699 3376 813 3438 liceat?

66 3459 101 3514 59
170 3453 285 3515 Medico
306 3456 431 3518 Antonio
454 3455 552 3518 Musae
596 3460 676 3519 cuius
697 3478 788 3539 opera
810 3479 848 3522 ex
867 3460 986 3539 ancipiti
1010 3459 1112 3540 morbo

99 3780 307 3821 ‘um-..e
359 3820 362 3823 .
