2444 3872
498 189 527 238 Ο.
551 188 736 238 CALIGULA.
1060 178 1117 242 131

112 344 267 406 Drusillam
289 343 482 424 appellatam,
504 362 559 424 per
581 346 704 404 omnium
724 343 843 405 dearum
863 346 971 426 templa
997 347 1119 407 circum-

10 457 12 498 i
113 430 231 504 ferens,
260 427 408 488 Minervae
425 429 539 505 gremio
558 428 695 506 imposuit
709 427 900 508 alendamque
919 438 949 491 et
971 429 1118 490 instituen-

114 512 180 574 dam
202 509 422 572 commendarit.
465 510 529 572 Nec
559 511 618 572 ullo
646 513 772 572 firmiore
799 513 905 575 iudicio
933 514 977 574 sui
1003 516 1119 574 seminis

10 589 12 648 ἷ
114 613 181 658 esse
206 593 345 657 credebat
370 612 453 674 quam
483 595 622 672 feritatis,
652 613 725 676 quae
754 595 796 656 illi
826 615 942 677 quoque
964 604 1041 658 tanta
1064 600 1120 659 iam

10 649 13 750 l
88 689 180 748 stunc
198 689 276 758 erat,
304 687 335 738 ut
356 678 469 740 iniestis
486 678 584 758 digitis
608 697 660 740 ora
685 688 719 758 et
730 680 833 742 oculos
857 680 940 742 simul
963 679 1119 742 ludentium

10 757 12 826 l
112 765 259 825 infantium
273 764 445 822 incesseret.
489 761 569 824 Leve
586 781 620 824 ao
639 763 775 841 iriqidum
797 766 833 824 sit
849 763 894 826 lris
908 764 1032 842 addere,
1060 770 1160 846 quoto

112 850 294 927 propinquos
313 847 479 926 amicosque
501 855 587 926 pacto
609 848 797 926 tractaverit,
819 847 1016 931 Ptolemaeum
1037 851 1118 926 regis
1139 851 1185 908 tc‘

110 932 198 993 Iuliae
215 931 318 1009 lilium,
345 929 548 992 consobrinum
569 949 665 1009 suum,
691 933 771 1013 (erat
788 933 863 993 euim
881 942 910 994 et
931 934 956 993 is
971 931 1009 994 dl.
1027 933 1117 994 Anto-

111 1018 150 1076 nii
176 1033 214 1076 ex
236 1014 343 1076 Selene
369 1013 426 1075 lilia
449 1014 560 1094 nepos)
589 1023 618 1076 et
645 1017 673 1076 in
702 1016 801 1094 primis
826 1018 919 1097 ipsum
938 1017 1117 1094 Macronem,

10 1127 11 1130 ¹
77 1117 102 1159 ro
112 1101 204 1179 ipsam
224 1097 360 1174 Enniam,
391 1097 538 1160 adiutores
559 1099 686 1178 imperii:
718 1099 820 1178 quibus
843 1098 973 1161 omnihus
997 1119 1051 1181 pro
1067 1119 1117 1161 ne·

112 1181 295 1244 cessitudiuis
311 1184 373 1244 iure
390 1199 502 1262 proque
513 1183 680 1243 meritorum
699 1184 794 1260 gratia
819 1193 937 1246 cruenta
956 1203 1035 1246 mors
1051 1203 1116 1264 per-

10 1301 11 1304 *
112 1267 207 1329 soluta
223 1275 277 1326 est.

174 1349 271 1412 Nihilo
285 1351 468 1412 reverentior
481 1349 614 1412 leniorne
629 1369 703 1429 erga
721 1360 866 1430 senatum,
888 1351 1027 1432 quosdam
1042 1371 1116 1414 sum-

109 1437 163 1495 mis
178 1433 336 1495 honoribus
354 1434 469 1496 iunctos
495 1433 530 1495 ad
553 1433 687 1495 essedum
711 1434 766 1496 sibi
785 1453 905 1496 currere
928 1445 1046 1515 togatos
1061 1455 1117 1517 per

76 1538 100 1581 u
110 1517 220 1598 aliquot
238 1535 374 1597 passuum
390 1517 483 1595 milia,
514 1526 544 1578 et
560 1520 692 1591 caenanti
715 1517 800 1580 modo
827 1519 862 1580 ad
883 1519 1010 1598 pluteum
1027 1522 1114 1583 modo

10 1639 11 1660 1
109 1601 145 1664 ad
163 1600 255 1681 pedes
273 1609 351 1662 stare
369 1602 535 1663 succinctos
552 1601 641 1663 linteo
658 1619 763 1681 passus
781 1613 840 1674 est;
864 1603 937 1664 alios
954 1622 1018 1664 oum
1041 1605 1115 1668 clam

10 1735 11 1750 2
108 1686 317 1762 interemisset,
337 1685 427 1746 citare
442 1683 532 1746 nihilo
548 1685 640 1746 minus
656 1695 687 1746 ut
700 1687 785 1748 rivos
802 1689 1020 1766 perseverarit,
1045 1706 1114 1768 pan-

72 1837 74 1847 ,
109 1785 161 1830 cos
176 1777 244 1849 post
258 1768 320 1830 dies
337 1768 498 1831 voluntaria
515 1778 608 1840 morte
620 1770 734 1849 perissa
749 1774 892 1832 mentitus.
938 1768 1114 1832 Consulibus

109 1851 207 1914 oblitis
223 1851 259 1912 de
275 1852 362 1914 natali
378 1871 430 1914 suo
446 1852 564 1914 edicere
588 1853 741 1931 abrogavit
761 1855 973 1933 magistratum,
1003 1855 1114 1935 fuitque

71 1954 162 2020 wper
180 1935 302 1997 triduum
322 1937 384 1998 sine
404 1953 512 2000 summa
526 1945 673 2018 potestate
692 1956 741 1998 res
767 1957 795 2018 p.
815 1939 1007 2014 Quaestorem
1033 1957 1114 2000 suum

106 2025 136 2085 in
155 2022 352 2084 coniuratione
375 2023 548 2083 nominatum
572 2021 748 2100 flagellarit,
784 2030 866 2084 veste
892 2021 1023 2084 detracta
1047 2022 1112 2083 sub-

106 2110 241 2186 iectaque
255 2106 373 2169 militum
389 2105 527 2184 pedibus,
546 2123 603 2186 quo
621 2107 701 2169 lirme
719 2106 901 2168 uerberaturi
918 2107 1096 2168 insisterent.

169 2191 262 2252 Simili
288 2189 426 2269 superbia
456 2190 652 2269 violentiaque
683 2200 800 2253 ceteros
824 2192 959 2252 tractarit
985 2191 1111 2253 ordines.

10 2331 11 2334 ,
105 2276 283 2356 Inquietatus
309 2275 423 2336 fremitu
448 2275 573 2352 gratuita
598 2277 627 2336 in
653 2275 733 2336 oiroo
755 2275 822 2337 loca
848 2274 884 2336 de
909 2273 1004 2336 media
1025 2283 1112 2336 noete

70 2383 96 2424 ss
108 2362 328 2440 occupantium,
355 2358 447 2419 omnis
462 2358 584 2420 fustibus
600 2357 712 2437 aheqit;
736 2359 801 2420 elisi
815 2376 947 2438 pereum
964 2358 1112 2420 tumultum

10 2447 11 2516 ζ
105 2445 209 2522 viginti
236 2443 358 2524 amplius
388 2443 500 2521 equites
524 2443 560 2504 R.
582 2443 701 2504 totidem
727 2451 892 2520 matronae,
919 2459 1009 2522 super
1031 2443 1110 2502 innu-

105 2546 213 2588 meram
233 2527 344 2588 turlta'm
374 2534 510 2586 ceteram.
554 2526 703 2587 Scaenicis
731 2525 820 2603 ludis,
848 2527 922 2586 inter
944 2524 1060 2605 plebem
1082 2535 1112 2584 et

10 2619 17 2684 t
106 2613 232 2692 equitem
250 2628 366 2672 oausam
381 2609 589 2672 discordiarum
610 2628 729 2688 serens,
759 2609 887 2694 decimas
907 2608 1043 2670 maturius
1062 2608 1109 2670 da·

10 2693 15 2732 ’-
105 2697 171 2778 liat,
198 2705 228 2756 ut
251 2695 396 2776 equestria
418 2693 454 2755 ab
478 2693 574 2754 intimo
596 2711 712 2774 quoque
734 2687 956 2772 occdparentur.
996 2691 1110 2755 Gladia-

69 2781 182 2840 aotorio
207 2797 340 2857 munere,
363 2778 490 2839 reductis
518 2777 658 2839 interdum
687 2777 908 2856 flagrantissimo
939 2776 1004 2838 sole
1025 2776 1109 2855 velis,
1144 2842 1149 2849 ,

104 2864 196 2926 emitti
214 2881 383 2944 quemquam
398 2861 514 2924 vetabat
535 2871 706 2943 remotoque
721 2860 867 2923 ordinario
885 2869 1042 2941 apparatu,
1069 2871 1109 2920 ta·

103 2948 178 3010 hidis
200 2948 272 3009 ieris
293 2947 451 3008 vilissimos
466 2946 606 3027 senioque
626 2946 780 3010 coniectos
796 2943 991 3023 gladiatores,
1006 2944 1024 2983 *
1039 2961 1108 3024 quo·

10 3105 11 3110 γ
104 3051 161 3112 que
177 3032 345 3112 paegniaris
360 3040 458 3112 patres
471 3030 639 3092 familiarum
654 3039 740 3091 notos
757 3027 810 3090 sed
823 3030 945 3107 insignis
961 3027 1109 3089 debilitate

10 3121 12 3196 i
103 3117 198 3196 aliqua
218 3117 352 3196 corporis
374 3114 530 3178 obiciebat.
573 3113 619 3175 Ac
635 3130 860 3192 nonnumquam,
888 3111 1003 3178 horreis
1024 3129 1107 3191 prae-

10 3221 13 3256 t
65 3227 92 3270 ³5
105 3200 210 3279 clusis,
238 3200 349 3280 populo
368 3200 472 3270 famem
488 3198 598 3260 indixit.

10 3261 13 3376 l
113 3302 143 3314 “·
168 3285 325 3350 Saevitiam
351 3286 459 3361 ingenii
481 3302 536 3364 per
558 3282 632 3344 haec
661 3284 782 3343 maxima
802 3278 936 3341 ostendit.
982 3275 1052 3336 Cum
1073 3275 1148 3340 adst

10 3377 13 3422 i
103 3361 236 3450 saginum
253 3371 378 3434 ferarum
393 3371 502 3430 muneri
523 3375 759 3448 praeparatarum
773 3365 867 3426 carius
883 3359 1011 3443 pecudes
1031 3377 1108 3420 corn·

102 3464 293 3532 pararentur,
320 3471 358 3514 ex
386 3453 480 3514 noxiis
507 3447 656 3514 laniandos
686 3450 832 3512 adnotavit
858 3457 887 3507 et
903 3431 1128 3594 gopstodiarum'
1169 3529 1172 3533 y
