2438 3872
120 227 182 290 236
199 241 227 290 c.
243 241 393 289 sunnam
409 239 537 300 canuc.
553 241 601 286 ou
615 239 698 288 vura
715 239 899 288 cassanum
917 241 985 288 nra.
998 241 1074 290 vm.

460 575 597 630 ultus
629 573 778 630 ulnus.

89 754 104 806 l
184 728 275 806 Titus,
295 732 469 807 cognomine
487 739 625 810 paterno,
648 748 728 791 amor
744 748 779 790 ac
794 729 919 790 deliciae
935 731 1054 806 generis
1067 729 1120 790 bu·

120 814 206 890 mani,
226 814 350 892 (tantum
366 813 407 872 illi
427 813 463 874 ad
484 813 704 893 promerendam
726 816 852 874 omnium
873 812 1047 873 voluntatem
1072 813 1121 874 rel

121 899 229 974 ingenii
246 897 293 956 uel
309 899 379 956 artis
392 897 437 957 vel
451 898 586 958 fortunae
602 898 753 976 superfuit,
771 907 810 973 ct,
831 895 908 976 quod
922 896 1121 957 difficillimum

121 991 175 1056 est,
193 983 221 1039 io
236 982 375 1058 imperim
393 980 508 1060 quaudo
526 983 656 1060 privatus
670 989 757 1059 atque
775 983 859 1040 etiam
876 979 929 1040 sub
946 989 1029 1059 patre
1040 982 1119 1059 prin·

122 1066 187 1143 cipe
202 1082 239 1123 ne
254 1063 322 1124 odio
336 1065 463 1143 quidem,
479 1065 583 1124 nedum
599 1065 813 1142 vituperatione
831 1063 948 1144 publica
964 1063 1070 1142 caruit)
1132 1091 1147 1132 5

89 1164 107 1216 a
183 1147 273 1207 Natus
291 1156 335 1207 est
349 1148 399 1207 lll.
416 1147 452 1208 Κ]
479 1147 538 1209 lan.
562 1150 669 1226 insigni
692 1165 766 1207 anno
782 1147 889 1208 Gaiana
910 1166 999 1224 nece,
1023 1166 1120 1227 prope

121 1232 335 1310 Septizonium,
359 1230 484 1292 sordidis
500 1231 637 1308 aedibus,
664 1231 800 1292 cubiculo
821 1249 892 1292 vero
920 1249 1065 1310 perparvo
1089 1241 1122 1292 et

121 1315 265 1382 obscuro;
286 1317 366 1394 (nam
381 1325 477 1375 manet
492 1315 631 1376 adlucet
645 1315 820 1393 ostenditur)
843 1315 980 1375 educatus
1001 1317 1030 1375 io
1053 1316 1121 1378 aula

122 1417 185 1460 uum
199 1397 364 1460 Britannico
380 1399 474 1475 simul,
489 1416 525 1459 ac
541 1399 658 1479 paribus
677 1400 837 1478 disciplinis
858 1408 888 1458 et
904 1398 980 1477 apud
997 1399 1120 1459 eosdem

120 1483 275 1560 magistros
290 1483 442 1543 institutus.
476 1483 541 1558 Quo
558 1483 671 1562 quidem
685 1493 817 1562 tempore
833 1485 910 1543 aiunt
929 1491 1159 1562 metoposcc·1c

121 1585 196 1647 pum,
214 1585 230 1626 a
244 1563 383 1627 Narcisso
400 1565 501 1628 Claudi
514 1567 620 1627 liberto
636 1567 809 1644 adhibitum,
825 1577 855 1626 ut
867 1566 1059 1626 Britannicum
1074 1568 1118 1626 in·

120 1652 263 1728 spiceret,
282 1653 512 1711 constantissime
526 1651 696 1727 allirmasse,
710 1649 788 1710 illum
801 1650 914 1729 quidem
926 1650 1005 1711 nullo
1016 1651 1118 1728 modo,

122 1744 248 1794 ceterum
265 1733 366 1810 litum,
383 1737 430 1814 qui
446 1744 514 1794 tuno
529 1753 622 1815 prope
638 1733 766 1811 astabat,
788 1735 884 1813 utique
900 1735 1116 1811 imperaturum.
1216 1793 1217 1810 ,

120 1817 210 1878 Erant
225 1828 318 1877 autem
337 1819 410 1880 adeo
426 1819 593 1896 familiares,
607 1829 636 1878 ut
653 1819 689 1878 de
704 1821 842 1898 potione,
865 1835 920 1897 qua
935 1817 1118 1879 Britannicus

119 1901 220 1961 hausta
236 1903 335 1980 periit,
352 1903 433 1963 Titus
455 1921 571 1981 quoquc
596 1905 674 1963 iuxta
700 1901 808 1962 cubans
825 1911 960 1979 gustasse
982 1902 1158 1969 credaturrs

121 1986 379 2063 graviquemorbc
398 1985 558 2046 adflictatus
576 1987 633 2046 diu.
675 1987 804 2062 Quorum
825 1987 948 2046 omnium
968 2004 1037 2047 mox
1056 2005 1117 2046 me·
1175 1998 1188 2008 ⁶

120 2085 191 2145 mor,
208 2079 327 2129 statuam
343 2073 369 2129 ei
385 2087 500 2130 auream
513 2072 542 2129 io
554 2071 664 2131 Palatio
679 2071 786 2150 posuit,
802 2079 832 2129 et
845 2069 964 2130 alteram
976 2089 1013 2130 ex
1024 2070 1118 2132 ebore
1186 2074 1195 2096 ’·

91 2188 93 2192 .
122 2161 295 2229 equestrem,
316 2171 389 2231 quae
404 2152 536 2214 Circensi
551 2172 658 2234 pompa
674 2154 821 2232 hodieque
839 2155 1019 2234 praefertur,
1036 2154 1117 2214 dedi·
1195 2179 1201 2222 ε

89 2245 107 2297 3
122 2237 198 2294 cavit
212 2247 442 2316 prosecutusque
459 2246 514 2298 est.
553 2237 585 2298 ln
602 2256 692 2317 puero
707 2240 802 2298 statim
817 2239 953 2317 corporis
973 2239 1118 2316 animique

121 2318 205 2383 dotes
223 2320 463 2397 explenduerunt,
479 2324 629 2400 magisque
647 2340 680 2382 ac
695 2323 787 2400 magis
801 2321 942 2402 deinceps
963 2341 1018 2402 per
1038 2333 1116 2383 aeta·
1127 2349 1157 2391 ιο

121 2405 156 2462 tis
172 2402 294 2479 gradus:
311 2405 403 2466 iornna
419 2406 541 2483 egregia
558 2415 587 2465 et
602 2407 647 2465 cui
662 2423 720 2465 noo
735 2408 827 2465 minus
843 2408 1022 2467 auctoritatis
1038 2409 1116 2467 ines-

121 2495 166 2546 set
185 2504 268 2565 quam
284 2490 411 2566 gratiae,
428 2491 614 2567 praecipuum
629 2489 733 2566 robur,
753 2507 922 2569 quamquam
937 2509 1031 2571 neque
1047 2509 1117 2570 pro·

121 2588 188 2631 cera
205 2579 312 2632 statura
328 2581 357 2632 et
369 2582 471 2632 ventre
488 2572 574 2652 paulo
591 2575 782 2652 proiecticre;
800 2577 936 2635 memoria
948 2575 1117 2653 singularis,

121 2653 255 2714 docilitas
270 2655 305 2715 ad
320 2657 411 2716 omnis
427 2657 490 2716 lere
507 2666 564 2716 tum
579 2657 649 2717 belli
665 2667 722 2716 tum
738 2660 820 2736 pacis
839 2666 928 2718 artes·
961 2658 1118 2719 Armorum

120 2746 149 2797 et
172 2738 316 2816 equitandi
341 2741 545 2818 peritissimus,
565 2741 665 2800 Latine
681 2740 870 2820 Graeceque,
893 2741 965 2801 vel
956 2759 985 2800 ιιι
1003 2741 1114 2802 orando
1126 2757 1155 2798 aa

120 2819 193 2880 vel
185 2839 213 2879 m
228 2823 369 2898 lingendis
386 2824 575 2903 poematibus,
595 2834 746 2902 promptus
762 2824 899 2884 etfacilis
915 2825 951 2885 ad
963 2823 1115 2904 extempo-

119 2903 262 2964 ralitatem
280 2925 386 2985 usque;
405 2907 458 2968 sed
475 2926 510 2967 ne
525 2910 651 2968 musicae
670 2908 784 2986 quidem
798 2908 893 2984 rudis,
909 2919 939 2968 ut
954 2911 1001 2989 qui
1018 2919 1115 2970 canta·

119 2997 166 3047 ret
181 2997 210 3048 et
225 2989 366 3068 psalleret
386 2992 508 3052 iucunde
531 2994 747 3070 scienterque.
770 2991 795 3052 E
819 2992 949 3071 pluribus
971 2997 1115 3072 comperi,

120 3073 195 3131 notis
214 3090 331 3172 quoque
347 3078 487 3155 excipere
503 3077 688 3137 velocissime
705 3076 837 3152 solitum,
856 3095 919 3136 oum
934 3077 1114 3138 amanuensi-

120 3156 173 3216 bus
188 3158 246 3216 suis
269 3176 323 3237 per
346 3158 470 3219 ludum
461 3177 613 3239 uocumque
636 3169 810 3238 certantem,
835 3162 996 3240 imitarique
1013 3161 1114 3221 chiro·
1102 3185 1152 3227 aa

119 3240 230 3317 grapha
248 3258 445 3322 quaecumque
461 3243 592 3320 vidisset,
609 3263 643 3304 ac
659 3262 750 3323 saepe
773 3245 919 3324 profiteri,
943 3245 1112 3306 maximam

116 3321 286 3400 fulcardum
301 3343 369 3386 eoae
383 3326 530 3404 potuisse.

86 3415 104 3468 4
180 3406 322 3468 Tribunus
337 3410 454 3469 militum
481 3412 538 3469 et
530 3429 557 3469 ιιι
575 3409 726 3470 Germania
752 3420 780 3470 et
802 3413 829 3470 in
844 3411 988 3472 Britannia
1008 3379 1115 3496 meruit

62 3494 66 3501 '
118 3505 225 3548 summa
239 3491 406 3572 industriae,
424 3511 480 3552 neo
496 3494 606 3552 minore
617 3493 778 3554 modestiae
793 3494 878 3573 fama,
898 3497 972 3555 sicut
989 3487 1114 3578 apparet
