2444 3872
471 165 575 214 orvos
592 164 776 216 ennomus.
1029 171 1032 177 ·
1062 157 1124 220 tou

1 328 2 333 ’
94 384 96 388 ,
121 320 221 383 adulto
237 321 293 380 ianr
317 320 376 380 lilio
398 321 561 399 privignum
583 320 749 400 adoptaret,
771 321 926 382 identidem
953 323 1123 404 divulgarit,
1151 358 1165 399 s

121 405 269 466 seminem
288 419 431 485 umquam
445 403 505 483 per
527 405 723 484 adoptionem
735 405 879 484 scandice
900 405 1055 469 Claudiae
1075 409 1122 469 io·

122 495 246 550 sertum
1126 493 1177 568 ς

185 572 334 632 Sermonis
362 588 435 631 vcro
465 589 620 652 rerumque
647 580 752 635 tantam
785 592 876 654 saepe
906 575 1167 652 neglegendarum

93 654 260 733 sostendit,
275 664 305 714 ut
322 673 379 715 nec
397 656 532 742 qqisnec
546 657 621 716 iuter
638 675 728 736 quos,
746 675 842 737 quove
858 667 992 738 tempore
1004 677 1039 719 ac
1053 659 1122 720 loco
1180 649 1196 748 ’ᾖ

120 739 212 800 verba
236 740 367 817 laceret,
395 741 473 799 scire
502 749 550 823 aut
574 743 707 819 cogitare
736 745 957 803 existimaretur.
993 742 1063 803 Cum
1085 743 1123 804 de
1142 727 1181 866 apr

120 825 204 886 laniis
225 825 393 884 scrinariis
411 833 564 902 ageretur,
589 825 762 887 exclamavit
780 829 920 889 incuria:
950 827 1121 906 Ropousa,

121 908 191 989 quis
209 913 312 986 potest
328 909 395 968 sice
415 905 511 988 offula
530 909 656 970 oiocrc?
687 911 902 990 descripsitque
922 911 1123 973 abundantiam

122 1001 252 1053 veterum
269 991 467 1068 tabernarum,
489 993 563 1052 unde
580 993 684 1054 solitus
701 1004 781 1055 esset
803 998 897 1055 vinurn
920 996 987 1056 olim
1009 1004 1038 1055 et
1058 998 1124 1074 ipso

1 1143 2 1146 Ἴ
82 1075 301 1161 ιοροιετο.,1)ο
316 1084 490 1154 quaesturae
506 1077 630 1155 quodam
647 1079 799 1140 candidato
812 1080 886 1140 inter
903 1096 1006 1140 causas
1021 1080 1122 1140 soldra-

1 1155 2 1182 ¹
120 1161 248 1239 gationis
267 1179 335 1220 suae
352 1163 467 1239 posuit,
493 1161 577 1240 quod
587 1167 681 1240 puter
696 1164 763 1223 eius
774 1163 925 1244 fripidcru
944 1181 1040 1242 ocpro
1061 1161 1125 1224 ctos·

0 1321 5 1326 v
120 1245 298 1323 tempestive
319 1244 463 1305 dedisset.
500 1244 619 1306 Inducta
639 1255 715 1307 teste
736 1249 764 1307 in
785 1256 904 1323 senatu,
926 1245 1015 1308 llaec
1032 1249 1123 1326 inquit

118 1329 231 1390 mobis
254 1346 340 1390 mccc
365 1327 479 1390 liberto
503 1337 533 1389 et
552 1331 698 1391 matria
715 1330 792 1410 scit,
816 1331 874 1392 sed
890 1349 937 1392 me
956 1337 1124 1411 pauonum

119 1431 241 1491 semper
257 1412 465 1486 existimavi&
480 1413 539 1474 boc
552 1414 623 1475 ideo
641 1415 722 1492 dici,
740 1416 824 1495 quod
838 1416 964 1496 quidone
978 1421 1050 1475 suut
1064 1415 1121 1474 cd·

1 1524 2 1564 5
80 1513 109 1554 15
119 1498 180 1558 bue
193 1499 225 1557 ic
240 1497 329 1559 domo
349 1515 434 1572 meo,
458 1497 511 1576 qui
529 1516 577 1558 me
590 1505 759 1577 patronum
779 1519 842 1560 ooo
860 1506 980 1578 potunt.
1016 1499 1077 1559 Sed
1092 1507 1123 1558 et

1 1580 2 1586 ’
120 1599 176 1662 pro
192 1581 344 1660 tribunali,
369 1581 552 1643 Ostiensibus
574 1583 707 1662 quiddam
728 1583 845 1662 publice
869 1583 1033 1659 orantibus,
1058 1601 1121 1642 curn

1 1667 2 1673 ’
82 1674 89 1690 “
120 1665 345 1744 excanduisset,
367 1665 445 1728 otttt
465 1661 583 1726 babere
604 1685 638 1727 sc
666 1667 843 1727 vociferatus
863 1676 925 1745 est,
945 1683 1044 1748 quare
1067 1684 1122 1727 eoa

120 1749 316 1810 demereatur
321 1774 337 1822 ;
352 1750 382 1810 si
395 1767 482 1828 quem
497 1749 609 1827 olium,
634 1758 664 1812 ct
676 1769 711 1811 sc
731 1749 861 1812 liberum
878 1769 955 1812 esse.
984 1750 1056 1810 Nam
1072 1750 1122 1810 illa

119 1837 184 1894 eius
213 1833 356 1894 cotidiana
382 1842 412 1893 et
437 1834 524 1912 plane
552 1835 675 1910 omnium
699 1835 835 1896 horarum
858 1845 891 1896 et
913 1844 1122 1896 momentorum

76 1927 216 1979 coenant:
239 1915 335 1994 Quid,
356 1917 483 1997 eportet
508 1915 686 1998 letcpcctcc
706 1919 839 1981 uidcor?
866 1929 895 1979 et
916 1911 1038 1996 Λάλει,
1066 1911 1122 1979 καὶ

118 1991 164 2084 μὴ
178 1999 340 2082 buppura!
360 2001 505 2081 multaque
519 2003 588 2063 talia
604 2005 689 2063 etiam
706 2005 825 2083 privatis
841 2004 999 2080 deformia,
1017 2001 1122 2063 nedum

118 2088 260 2166 principi,
281 2104 375 2165 neque
391 2085 546 2146 iniucunda
562 2105 657 2167 neque
672 2088 807 2166 indocto,
831 2091 916 2148 immo
932 2090 1017 2149 etiam
1032 2087 1121 2167 perti·

117 2171 231 2230 naciter
244 2169 415 2230 liberalibus
432 2169 532 2230 studiis
548 2170 656 2242 dedito.

179 2253 335 2314 Historiam
358 2257 386 2314 in
410 2254 623 2334 adolescentia,
649 2256 782 2316 hortante
805 2255 838 2316 Τ,
860 2255 959 2332 bivio,
989 2255 1159 2334 Sulpicioll

1 2337 2 2368 ²
75 2361 108 2401 as
119 2355 193 2399 vero
209 2337 300 2398 Flavo
319 2341 403 2399 etiam
420 2338 586 2418 adiuvante,
606 2339 738 2400 scribere
753 2340 911 2418 adgressus
927 2349 981 2400 est.
1001 2339 1039 2399 Et
1056 2356 1120 2398 cum

119 2424 242 2502 primum
267 2421 412 2501 frequenti
443 2421 584 2483 auditorio
617 2426 823 2501 commisisset,
862 2443 953 2501 aegre
982 2423 1119 2501 perlegit,

118 2507 311 2583 refrigeratus
326 2525 418 2586 saepe
433 2526 450 2568 a
464 2516 556 2567 semet
570 2510 646 2588 ipso.
669 2508 742 2568 Nam
753 2527 817 2568 cum
833 2509 913 2568 initio
929 2508 1119 2585 recitationis,

119 2591 259 2652 defractis
288 2591 484 2671 compluribus
511 2591 646 2652 subsellis
672 2593 815 2653 obesitate
850 2590 1010 2668 cuiusdam,
1044 2593 1120 2650 risus

119 2683 241 2735 exortus
256 2683 351 2754 esset,
372 2694 408 2735 ne
430 2676 531 2736 sedato
556 2676 670 2757 quidem
690 2677 808 2737 tumultu
829 2684 994 2756 temperare
1017 2675 1119 2754 potuit,

75 2772 109 2832 uso
121 2759 189 2840 quin
204 2777 242 2819 ex
256 2760 409 2820 intervallo
427 2760 546 2821 subinde
562 2760 630 2828 lacti
652 2763 885 2821 reminisceretur
904 2760 1120 2838 cachinnosque
1174 2758 1179 2769 “

1 2911 5 2916 ,
119 2852 285 2904 revocaret.
325 2843 357 2903 ln
385 2845 546 2924 principatu
575 2862 691 2925 quoque
718 2855 747 2906 et
772 2846 891 2925 scripsit
912 2845 1068 2924 plurimum
1090 2851 1120 2903 et

119 2927 236 2988 assidue
244 2928 379 3006 recitavit
390 2946 444 3007 per
455 2928 606 2989 lectorem.
621 2930 732 2990 Initium
745 2937 839 2991 autem
846 2932 970 3009 sumpsit
981 2929 1120 2990 historiae

120 3018 188 3092 post
203 3010 322 3072 caedem
338 3010 473 3074 Caesaris
492 3013 655 3090 dictatoris,
680 3014 732 3073 sed
754 3024 783 3074 et
803 3015 915 3075 transiit
930 3012 966 3074 ad
980 3013 1120 3072 inferiora

118 3106 257 3176 tempora
268 3098 456 3176 coepitquea
478 3115 553 3177 pace
569 3097 663 3175 civili,
687 3117 750 3158 cum
772 3101 893 3160 sentiret
914 3115 1008 3177 neque
1025 3094 1119 3156 libere

1 3233 2 3241 ,
78 3193 110 3236 tt
121 3199 218 3260 neque
231 3199 302 3241 rere
317 3181 371 3240 sibi
387 3181 422 3241 de
437 3182 636 3260 superioribus
649 3183 778 3244 tradendi
790 3192 965 3261 potestatem
978 3181 1119 3256 relictam,

1 3271 3 3337 l
84 3302 87 3305 -
108 3265 275 3343 'correptus
295 3283 384 3345 saepe
402 3275 431 3326 ct
446 3275 568 3327 amatre
585 3277 614 3328 et
631 3266 667 3328 ab
684 3269 756 3340 avia.
778 3261 887 3328 Prioris
904 3267 1043 3325 materiae
1062 3262 1118 3323 duo

120 3347 281 3425 volumina,
299 3352 471 3428 posterioris
491 3370 576 3410 uuum
593 3360 622 3411 et
636 3351 823 3430 quadraginta
838 3351 963 3429 reliquit.
993 3347 1119 3427 Compo-

120 3433 178 3494 suit
200 3444 228 3493 et
245 3432 292 3494 Dc
306 3433 372 3494 cito
387 3451 447 3495 suo
465 3443 534 3495 octo
552 3434 712 3513 volumina,
734 3437 827 3512 magis
843 3435 941 3513 inepte
960 3451 1043 3514 quam
1060 3434 1121 3492 iae
