2412 3876
503 221 609 270 ornus
629 222 821 272 nunusuus.
1121 211 1162 274 39

152 394 296 457 proavum
316 368 492 456 exprobrat,
514 379 675 438 restionem
695 397 712 438 e
734 395 813 458 pago
831 378 977 455 Thurino,
1007 395 1090 438 avum
1116 396 1162 438 ar-

152 464 325 539 gentarium.
358 459 423 521 Neo
443 461 595 540 quiequam
610 461 684 523 ultra
705 461 742 522 de
756 465 885 541 paternis
904 462 1029 540 Augusti
1047 463 1160 522 melori-

152 546 208 606 bus
222 546 352 625 repperi.

191 633 193 639 '
217 628 251 689 0.
268 629 406 690 Octavius
425 638 509 710 pater
531 649 548 690 a
567 631 712 709 principio
732 631 835 689 aetatis
855 639 885 690 et
903 648 937 689 re
960 639 989 689 et
1015 632 1188 692 existima-3

127 717 234 776 stione
248 732 353 792 magua
368 714 437 791 luit,
460 723 491 774 ut
506 714 640 793 equidem
655 716 744 773 mirer
759 712 836 773 huno
852 731 969 794 quoque
984 733 1000 775 a
1014 714 1162 776 nonnullis

152 801 350 876 argentarium
369 807 456 878 utque
476 799 563 858 etiam
580 801 657 858 inter
684 799 828 858 divisores
857 816 1024 878 operasque
1047 817 1161 879 eamps-

153 886 223 943 stris
244 881 404 963 proditum
432 883 536 962 amplis
555 883 631 942 euim
652 883 805 943 innutritus
831 883 953 961 opibus,
983 883 1111 945 honores
1132 894 1162 943 et

152 968 277 1048 adeptus
306 975 352 1027 est
379 967 468 1028 iacile
497 975 526 1026 et
556 969 680 1043 egregie
706 965 922 1027 administravit.
959 967 1005 1028 Ex
1026 978 1162 1048 praetura

152 1052 354 1113 lllaoedoninrn
374 1053 510 1128 sortitus,
539 1051 695 1129 fugitivos,
718 1051 864 1111 residuum
886 1052 1019 1131 Spartaci
1038 1062 1068 1112 et
1085 1051 1162 1114 Gati-

117 1137 231 1197 rolinae
252 1153 382 1212 manum,
403 1135 559 1196 Thurinum
580 1153 681 1214 agrum
700 1139 842 1214 tenentis
865 1138 894 1196 in
914 1138 1018 1197 itinere
1041 1137 1162 1212 delevit,

153 1222 276 1298 negotio
291 1220 369 1280 sihi
361 1238 390 1280 ιιι
404 1228 506 1280 senatu
522 1231 604 1282 extra
626 1220 755 1281 ordinem
775 1220 852 1281 dato.
885 1220 1060 1282 Provinciae
1078 1239 1162 1300 prae-

153 1306 208 1366 luit
224 1322 282 1366 non
300 1306 413 1364 minore
429 1306 535 1365 iustitia
549 1323 634 1392 quam
650 1305 834 1374 fortitudine;
857 1323 979 1385 namque
1001 1306 1101 1366 Bessis
1127 1323 1163 1365 ao

153 1389 317 1451 Thracibus
335 1407 441 1467 magno
456 1389 572 1468 proelio
593 1369 683 1466 lusis
706 1391 744 1449 ita
763 1393 864 1450 sooios
878 1394 1030 1468 tractavit,
1054 1400 1084 1450 ut
1101 1392 1162 1469 epi-

153 1473 303 1534 stolaelll.
322 1472 475 1534 Ciceronis
495 1483 596 1534 extent
616 1475 721 1553 quihus
743 1474 877 1549 Quintum
897 1475 1033 1554 iratrem,
1058 1475 1162 1535 eodem

115 1578 144 1619 ts
153 1569 288 1637 tempore
303 1577 404 1638 parum
426 1559 554 1618 secunda
574 1558 649 1618 lama
670 1559 910 1637 proconsulatum
933 1559 1023 1621 Asiae
1044 1559 1162 1641 admini-

153 1651 309 1719 strantem,
330 1643 461 1704 hortatur
474 1653 504 1702 et
523 1652 640 1717 monet,
663 1645 789 1702 imitetur
805 1646 834 1702 in
849 1642 1163 1722 promerendissooiis

136 1729 280 1788 tisinum
300 1746 381 1786 suurn
404 1726 564 1788 Octavium.
600 1726 756 1788 Deoedens
771 1726 959 1804 Macedonia,
982 1730 1062 1806 prius
1078 1734 1189 1809 quami

152 1813 286 1892 proliteri
302 1829 335 1872 se
351 1811 531 1872 candidatum
546 1812 714 1872 oonsulatus
735 1821 855 1890 posset,
880 1822 1003 1873 mortem
1022 1814 1094 1874 obiit
1117 1832 1161 1872 re-

152 1899 318 1978 pentinam,
344 1898 550 1975 superstitibus
578 1896 679 1957 liberis
708 1895 829 1957 Ootavia
857 1899 984 1974 maiore,
1012 1916 1096 1977 quam
1125 1916 1163 1957 ex

114 2010 143 2050 20
154 1981 318 2055 Ancharia,
342 1991 371 2040 et
392 1980 513 2042 Octavia
534 1983 646 2042 minore
667 1983 735 2042 item
756 1980 909 2058 Augusto,
939 2001 1013 2062 quos
1034 2001 1071 2042 ex
1096 1981 1163 2042 Atia

153 2066 270 2126 tulerat.
294 2065 361 2125 Atia
376 2065 413 2126 Μ.
430 2066 500 2127 Atio
517 2065 608 2127 Balbo
624 2075 654 2126 et
667 2065 749 2140 lulis,
773 2083 879 2126 sorore
894 2066 927 2127 G.
945 2065 1093 2142 Caesaris,
1111 2083 1162 2143 ge-

153 2153 214 2212 nita
232 2160 287 2209 est.
323 2149 445 2225 Balbus,
474 2160 595 2230 paterna
616 2153 707 2229 stirpe
724 2149 873 2226 Aricinus,
895 2152 991 2210 multis
1011 2154 1039 2210 in
1055 2150 1163 2211 familia

153 2237 311 2296 senatoriis
327 2234 517 2312 imaginihus,
540 2253 556 2294 a
576 2244 666 2296 matre
681 2235 817 2313 Magnum
832 2236 999 2314 Pompeium
1017 2239 1162 2296 artissimo

92 2339 94 2341 ·
155 2320 346 2396 oontingehat
360 2319 452 2396 gradu
469 2319 643 2400 iunctusque
656 2320 770 2381 honore
787 2329 941 2399 praeturae
957 2322 1033 2379 inter
1047 2321 1163 2397 viginti·

115 2406 236 2468 asviros
253 2415 353 2480 agrurn
370 2401 544 2482 Campanum
559 2405 639 2484 plebi
657 2404 729 2466 lulla
745 2404 814 2481 lege
831 2404 939 2463 divisit.
964 2405 1072 2484 Verum
1089 2405 1163 2462 idem

153 2488 316 2565 Antonius,
351 2487 519 2566 despiciens
546 2491 632 2550 etiam
662 2499 820 2550 maternam
850 2487 976 2565 Augusti
1009 2490 1163 2564 originem,

153 2591 296 2652 proavum
311 2575 373 2632 eius
388 2572 453 2632 Atrt
474 2575 594 2652 generis
614 2574 706 2634 luisse
730 2582 759 2631 et
776 2571 864 2633 modo
885 2574 1102 2650 unguentariam
1124 2582 1164 2632 ta-

154 2656 273 2717 bernam
295 2657 382 2716 rnodo
401 2659 551 2736 pistrinum
573 2658 691 2718 Ariciae
716 2658 887 2717 exercuisse
906 2657 1007 2717 ohioit.
1046 2655 1165 2718 Cassius

154 2741 270 2820 quidem
289 2742 453 2802 Parmensis
476 2741 596 2820 quadam
623 2741 750 2821 epistola
775 2759 833 2801 nou
853 2751 960 2802 tantum
981 2750 1012 2802 ut
1032 2743 1164 2821 pistoris,

75 2857 78 2862 ·
116 2849 145 2890 so
155 2825 208 2886 sed
238 2827 324 2886 etiem
358 2837 389 2886 ut
424 2826 591 2887 nummulari
624 2835 762 2906 nepotem
798 2829 842 2886 sio
878 2835 957 2887 texat
985 2825 1164 2903 Augustum:

154 2909 300 2972 Maternae
319 2910 377 2972 tttt
399 2910 543 2988 furinosi
574 2929 614 2971 ea
640 2890 842 2999 onustissimus
854 2908 985 2972 Ariciae
1012 2910 1164 2988 pistrino:

153 2995 236 3056 hono
269 2995 361 3073 pinsit
386 2994 532 3056 monibus
559 2994 681 3074 collybo
715 2994 909 3112 decoloratis
941 2993 1182 3076 Nerulonensis

152 3081 339 3146 menimis.
1156 3095 1176 3139 ·'.‘

216 3163 306 3231 Natus
336 3173 381 3225 est
409 3165 559 3242 Augustus
594 3165 631 3226 Μ.
667 3102 764 3224 'l'ulllo
795 3163 941 3226 Cicerone
970 3161 1003 3222 G
1034 3161 1191 3228 Antonios

117 3263 255 3318 essonss
275 3247 369 3312 ΜΜΗ.
392 3248 456 3308 llal
480 3249 604 3325 Ootoh.‚
634 3249 721 3326 paulo
752 3257 818 3309 ante
846 3249 919 3318 solis
941 3254 1091 3317 exortum,
1118 3264 1164 3304 re-

154 3335 250 3410 gloue
260 3333 367 3409 Palati,
391 3332 427 3392 ad
450 3331 553 3422 Capita
575 3333 699 3408 huhulu
722 3333 771 3392 ubi
792 3351 867 3392 nuno
894 3331 1050 3392 suorarium
1065 3291 1163 3405 hahet,

154 3417 302 3496 eliquanto
323 3427 392 3496 post
409 3435 493 3495 quem
514 3418 646 3479 excessit
669 3419 864 3477 constitutum.
902 3414 974 3474 Nam
996 3422 1025 3472 ut
1045 3422 1164 3473 sen'utus

154 3504 228 3561 setis
252 3504 432 3578 continetur,
458 3519 521 3616 oum
545 3500 579 3562 (l
594 3502 761 3576 Laetorius,
783 3499 955 3558 adulesoens
976 3499 1091 3576 patricii
1109 3513 1161 3572 ge-

407 3655 536 3720 ,suigil
590 3667 634 3698 w*

453 3765 456 3776 Ι

56 3193 106 3275 ss
