2408 3870
167 249 223 296 ΧΠ
511 247 718 295 PRAEFATIO.

171 414 260 464 estut
280 408 309 462 in
330 407 521 478 antiquissimo
539 405 702 464 Memmiano
723 406 821 462 codice
838 407 984 463 duodecim
1002 407 1076 463 vitas

60 504 62 508 ·
120 537 122 540 .
172 481 328 548 no'minibns
348 491 544 562 imperatorum
559 491 798 561 distinguerentur
817 507 929 559 ornnes,
949 491 1000 548 sed
1021 505 1076 546 nnn

171 575 244 630 ultre
265 574 386 645 quinque
406 575 509 645 primas
529 574 592 630 Divi
615 575 698 642 lulii,
719 573 782 630 Divi
800 573 939 646 Augusti,
961 574 1077 644 Tiberii,

172 659 199 713 G.
220 653 413 731 caligulae²),
440 657 503 712 Divi
527 657 634 714 Claudii
657 658 729 713 ritas
757 658 919 714 numerandi
939 658 1076 714 vocabula

171 748 350 798 servarentur
370 741 467 797 liber
482 742 631 812 primus,
647 741 745 796 liber
760 743 961 810 secundus,
977 741 1078 796 liber

170 824 619 895 tertius,liberquartus,
635 826 731 880 liber
747 825 902 895 quintus.
924 825 1077 880 Acnelroc

172 909 283 980 quidem
295 908 568 980 praetermittendum
579 915 632 970 est,
646 909 720 979 quod
733 907 760 962 in
773 909 871 963 eodem
883 909 957 963 libro
974 907 1077 963 Cacsa-

169 1009 217 1048 ras
232 1009 283 1048 sex
294 991 376 1063 primi
388 992 663 1062 singulisversicnlis
675 992 829 1047 litterarum
843 992 976 1047 maiorum
989 997 1018 1046 et
1032 1007 1077 1045 ru-

169 1077 339 1132 bricatarum
353 1075 504 1146 incipiunt,
517 1092 569 1130 sex
582 1075 769 1146 posteriorum
783 1081 886 1130 tanturn
904 1075 973 1142 duo,
991 1075 1077 1130 Galba

170 1166 199 1216 ot
215 1160 356 1215 Vitellius.
401 1157 574 1214 Procedente
595 1165 719 1230 tempore
734 1159 833 1214 malum
853 1159 936 1214 latins
962 1157 1076 1229 serpsit,

171 1259 231 1298 curn
243 1243 427 1314 interruptum
443 1254 617 1298 numerorum
632 1243 758 1298 ordinem
773 1242 905 1298 librarius
921 1236 1024 1313 aliquis
1038 1240 1076 1296 ita

169 1325 379 1391 resarciendum
391 1325 579 1396 existimaret,
595 1333 624 1382 ut
640 1325 759 1396 singulis
770 1326 836 1381 vitis
849 1326 976 1396 singulos
987 1325 1076 1379 libros

168 1411 317 1478 tribueret,
331 1409 360 1466 ld
377 1415 420 1464 est
435 1409 523 1465 libros
539 1409 726 1480 distingueret
741 1409 896 1464 duodecim.
941 1409 980 1464 Ea
998 1409 1076 1464 labes

169 1494 224 1548 iarn
239 1493 365 1548 codicem
380 1491 534 1548 llcdiceum
554 1494 664 1548 tertium
679 1488 732 1564 (pl.
750 1499 802 1561 68,
825 1488 858 1564 7)
875 1493 922 1564 qui
938 1493 1011 1547 inter
1026 1491 1076 1546 mi-

169 1593 220 1632 nus
243 1576 370 1646 integros
387 1577 422 1632 de
444 1576 644 1647 antiquissimis
668 1582 728 1644 est,
749 1577 913 1646 occupavit,
929 1571 966 1630 nt
980 1575 1077 1629 mirum

169 1655 261 1714 videri
279 1675 333 1714 non
349 1661 467 1728 debeat,
490 1661 564 1730 quod
580 1658 745 1716 Vincentius
760 1659 972 1714 Bellouaccnsis
988 1664 1016 1712 et
1033 1659 1077 1712 la-

169 1743 257 1798 cobus
279 1742 371 1813 llagni
399 1749 427 1797 et
448 1743 497 1798 alii
518 1744 626 1799 nrediae
649 1742 749 1799 aetatis
774 1742 928 1814 scriptores
950 1758 1011 1797 curn
1027 1758 1076 1798 ve-

168 1825 330 1882 tustissimis
347 1825 502 1882 editoribus
517 1828 590 1881 hunc
606 1827 731 1882 ordinem
747 1827 837 1881 secuti
852 1826 915 1880 sint.
948 1823 1003 1881 Sed
1017 1841 1077 1880 oum

167 1909 389 1980 reputaverimus
405 1916 463 1966 tres
475 1910 589 1966 Fluvios
601 1911 765 1965 coniunctos
780 1909 880 1965 librurn
896 1909 1010 1964 efficere
1026 1909 1076 1963 mi-

168 2007 265 2048 norem
283 1993 425 2062 quamvel
446 1993 681 2049 unumTibcriurn
691 1991 856 2064 ,tresqno
866 1991 1008 2048 aestivos'
1025 1993 1076 2047 im-

118 2081 315 2172 peratores
343 2092 377 2130 ne
404 2075 557 2146 Caligulam
586 2077 697 2152 quidem
725 2092 847 2146 aequare
875 2075 1075 2146 magnitudine,

118 2141 337 2230 comparatis
356 2159 437 2216 etiarn
454 2159 570 2214 aliorum
590 2159 757 2231 scriptorum
777 2165 806 2213 ut
821 2158 957 2230 Diogenis
972 2158 1076 2214 laertii

169 2242 334 2310 rationibus,
347 2249 425 2296 recte
438 2259 471 2300 ao
480 2244 578 2298 meritc
590 2243 717 2326 isaacum
723 2241 914 2298 casaubonum
926 2258 998 2298 anno
1008 2247 1075 2302 1595

168 2324 352 2380 iudicabimus
369 2325 472 2381 Suidae
488 2326 646 2382 auctoritati
660 2319 849 2382 concessisse.

7 2403 112 2506 stemma
125 2416 158 2444 cs
231 2407 392 2479 Cupitum
405 2425 515 2479 quoque
527 2409 807 2465 distinctionem
819 2408 975 2466 nesilentio
985 2413 1076 2464 trans-

23 2619 58 2678 b

170 2508 240 2560 earn,
255 2491 331 2546 nolui
345 2508 404 2546 curn
413 2493 522 2562 quidem
534 2493 660 2548 ordinem
671 2492 886 2563 numerandique
895 2507 998 2547 rnorem
1011 2509 1076 2563 per-

170 2575 300 2644 turbere,
324 2591 403 2644 quem
419 2593 433 2631 a
450 2575 552 2631 scribis
568 2577 662 2647 quinto
678 2575 786 2631 decimo
807 2576 921 2630 sneoulo
936 2575 1076 2631 inductum

169 2658 322 2730 primisque
338 2659 508 2714 editionibus
525 2667 666 2730 receptum
678 2659 807 2714 Erasmus
823 2659 944 2714 numeris
959 2659 988 2712 in
1003 2674 1075 2714 mar-

170 2741 237 2810 gine
254 2740 387 2796 editionis
399 2741 563 2798 Basiliensis
581 2761 605 2798 a.
617 2747 686 2802 1518
697 2742 834 2813 appositis
850 2741 979 2798 sanxisse
995 2741 1075 2797 vide-

169 2829 215 2877 tur
229 2823 257 2878 in
273 2831 451 2895 perpetuuu.;
468 2842 557 2896 neque
573 2827 598 2880 is
614 2833 668 2881 tam
683 2826 793 2896 ineptus
814 2832 857 2881 est
875 2831 904 2880 ut
920 2824 1004 2881 abiiei
1024 2825 1074 2879 de-

71 2957 72 2960 ,
168 2905 271 2962 buerit.
303 2907 360 2962 Sed
376 2909 452 2964 nolui
468 2913 559 2963 ternen
577 2910 689 2964 nescius
707 2924 802 2977 esses,
820 2909 910 2964 lector
925 2909 1075 2977 benevole,

169 2991 312 3060 reperisse
328 3008 371 3046 me
387 2991 415 3046 in
428 2991 590 3047 Memmiano
607 2993 705 3047 codice
721 2992 802 3048 aliam
822 2992 942 3064 capitum
957 2991 1075 3046 divisio-

170 3089 232 3126 nem
248 3078 301 3129 tnm
317 3075 487 3131 commodam
508 3080 617 3145 tamque
633 3076 816 3145 luculentam,
837 3082 867 3130 ut
883 3076 972 3146 ipsius
989 3075 1074 3129 Tran-
1135 3117 1142 3131 ,

171 3156 250 3226 quilli
271 3174 351 3212 manu
367 3158 493 3213 instituta
509 3175 573 3212 esse
587 3157 725 3214 videatur.
769 3159 835 3216 Eam
856 3159 958 3230 igitur,
977 3158 1074 3230 paucis

168 3239 251 3294 modo
285 3241 368 3300 nliter
392 3241 591 3296 administratis
618 3258 689 3311 quae
717 3243 879 3299 necessario
912 3241 1074 3310 refingendn

168 3368 370 3382 *1—-7

238 3437 267 3500 2)
286 3439 427 3502 Tranquilli
444 3437 532 3502 librum
548 3439 622 3487 vitam
641 3439 768 3504 Caligulae
783 3442 943 3490 continentem
958 3436 1074 3501 Lampri-

168 3505 226 3555 dius
245 3519 345 3569 quoque
363 3513 540 3554 commemorat
554 3505 581 3553 in
600 3505 736 3556 Commodo
755 3523 811 3572 cap.
831 3506 871 3557 10.
