2412 3876
114 224 155 287 62
198 234 228 281 c.
247 231 398 281 SUETONI
414 229 542 290 raama
557 227 605 276 nu
620 229 704 277 vrrs
719 227 988 295 cansarum-nra.
1003 229 1042 278 11.

114 391 184 451 satis
201 386 314 463 habuit,
338 404 402 446 cum
425 385 475 446 ille
490 384 644 463 Agrippae
666 383 780 443 iuvenis
799 383 915 442 nomine
931 383 1123 462 asperrimam

115 475 151 535 de
167 492 199 533 se
215 470 368 550 epistolam
383 472 411 528 in
426 469 532 547 vulgus
547 467 700 544 edidisset,
724 465 771 526 hic
795 466 929 525 conuiuio
947 465 1035 545 pleno
1052 483 1121 545 pro·

116 558 285 630 clamasset,
307 571 402 631 neque
424 562 522 612 votum
546 551 601 610 sibi
626 568 722 628 neque
744 550 865 610 animum
889 548 994 609 deesse
1017 549 1121 610 conio·

116 639 210 702 diendi
225 656 298 698 com.
335 635 464 713 Quadam
479 653 550 696 vcro
568 635 753 712 cognitione,
771 652 834 696 eum
849 633 976 694 Aemilio
991 632 1120 694 Aeliano

116 722 298 785 Cordubensi
313 721 388 780 inter
405 729 503 780 cetera
523 719 639 779 crimina
654 719 703 779 vel
718 719 841 778 maxime
859 717 1025 778 obiceretur
1041 717 1145 797 quoda

115 807 190 869 male
205 805 318 885 opinari
340 804 376 863 de
392 802 521 865 Caesare
536 803 663 879 soleret,
686 819 846 862 conversus
866 799 903 862 ad
918 809 1122 862 accusatorem

117 898 318 967 commotoque
330 887 429 948 similis
448 885 558 964 Velim,
574 887 680 965 inquit,
695 885 754 946 loc
764 885 838 946 mibi
846 884 964 963 probes
970 909 986 956 ,·
999 884 1123 964 faciam

116 977 198 1037 scion
212 971 362 1034 Aelianus
384 977 412 1032 el
431 989 479 1032 mc
498 971 634 1050 ttnpoam
655 968 786 1045 babere,
809 969 908 1048 plora
928 969 1006 1030 enim
1023 968 1061 1029 dc
1084 987 1122 1031 co

117 1061 251 1138 loquor;
272 1073 328 1115 nec
349 1057 501 1134 quicquam
524 1055 599 1114 ultra
621 1062 668 1114 aut
683 1055 777 1114 statim
799 1062 846 1113 aut
864 1062 967 1131 postea
981 1053 1120 1132 inquisiit.

117 1141 234 1204 'liberio
257 1157 373 1219 quoque
395 1138 431 1199 de
451 1138 552 1198 eadem
571 1155 618 1213 re,
641 1137 694 1197 sed
714 1137 886 1214 violentius,
916 1137 992 1215 apud
1014 1155 1047 1196 se
1065 1155 1122 1216 per
1132 1158 1158 1200 ro

117 1224 270 1304 epistolam
289 1223 476 1301 conquerenti
491 1223 529 1281 ita
546 1223 714 1300 rescripsit:
732 1219 837 1282 Aetati
850 1229 932 1298 tune,
947 1221 990 1280 mi
1004 1219 1120 1296 Tiberi,

115 1308 182 1370 noli
202 1307 235 1367 in
254 1307 315 1366 bac
334 1324 370 1365 re
389 1305 547 1385 indulpere
566 1312 594 1366 ct
613 1306 737 1366 nimium
758 1304 918 1383 indipnnri
940 1321 1123 1384 quemquam

118 1409 200 1467 esse,
218 1390 271 1470 qni
283 1389 323 1450 dc
339 1407 388 1449 me
401 1389 482 1450 male
496 1391 662 1468 loquatium
683 1389 763 1449 sniis
779 1394 824 1449 esi
839 1390 933 1465 caim,
950 1389 980 1448 si
990 1389 1049 1450 boc
1061 1387 1120 1448 bo-

62 1539 64 1543 ,
119 1475 224 1536 bemus
237 1492 276 1534 na
292 1474 360 1553 qnia
375 1472 466 1534 nobis
480 1473 561 1534 mole
573 1472 683 1552 lacere
692 1473 805 1552 possit.

75 1567 110 1623 52
182 1557 318 1636 Templa,
335 1560 466 1636 quamvis
481 1560 569 1618 sciret
585 1559 670 1618 etiam
685 1557 909 1636 proconsulibus
932 1557 1051 1617 decerni
1072 1574 1121 1616 so·
1132 1576 1158 1616 rs

117 1645 195 1718 lere,
217 1644 245 1700 in
266 1641 343 1701 nulla
357 1650 453 1702 tamen
468 1643 619 1722 provincia
640 1643 695 1701 nisi
717 1643 857 1702 communi
881 1659 933 1702 suo
948 1642 1121 1720 Romaeque

118 1728 233 1788 nominc
249 1727 362 1804 recepit
378 1727 503 1806 (namin
519 1725 592 1785 urbe
609 1725 722 1804 quidem
739 1725 969 1805 pertinacissime
984 1723 1122 1786 abstinuit

94 1811 174 1871 'boo
193 1807 322 1886 honore)
344 1817 430 1888 atque
443 1810 530 1870 etiam
547 1818 703 1886 argenteas
721 1819 830 1869 statuas
852 1809 919 1869 olim
937 1809 993 1868 sibi
1008 1810 1121 1888 positas

119 1892 253 1954 conflavit
274 1895 366 1954 omnis
387 1912 482 1973 enque
503 1895 539 1952 iis
560 1911 663 1953 aureas
690 1894 815 1954 cortinas
834 1893 964 1973 Apollini
989 1892 1120 1954 Palatino
1196 1953 1199 1964 ,

119 1975 272 2038 dedicavit.
1127 1996 1154 2037 ao

178 2060 354 2120 Dictaturam
374 2079 477 2137 magna
500 2062 528 2120 vi
552 2061 694 2128 offerente
716 2060 842 2140 populo,
868 2079 946 2138 genu
967 2061 1051 2120 ninus
1070 2060 1119 2120 de

7 2151 8 2154 ’
75 2145 193 2210 abiecta
214 2141 250 2202 ab
269 2145 374 2202 umeris
396 2153 465 2222 toga
486 2144 562 2205 nudo
585 2153 706 2223 pectore
724 2144 898 2223 deprecatus
918 2153 973 2204 est.
1001 2143 1121 2205 Domini

56 2225 58 2230 ’
118 2225 345 2306 appellationem
366 2236 396 2287 ut
416 2228 598 2288 maledictum
616 2237 645 2288 et
666 2227 855 2307 obprobrium
876 2247 993 2307 semper
1013 2227 1120 2288 exhor-

93 2339 99 2388 ,
117 2311 184 2370 ruit.
215 2306 307 2387 cun,
323 2319 475 2389 spectante
491 2330 527 2373 eo
542 2311 643 2390 ludos,
660 2313 963 2392 pronuntiatum'esset
973 2314 1002 2372 ia
1015 2312 1119 2372 mimo:

93 2393 144 2465 10
165 2393 318 2470 dominum
339 2412 468 2482 ocqqnm
491 2403 521 2458 ct
540 2395 670 2456 bonnm!
693 2406 722 2457 et
745 2398 872 2458 universi
895 2397 976 2477 quasi
995 2395 1031 2456 de
1052 2397 1157 2476 ipsoau

117 2479 222 2540 dictum
245 2479 408 2540 exultantes
432 2479 689 2560 comprobassent,
712 2491 742 2541 et
762 2483 855 2542 statim
875 2499 959 2540 manu
979 2479 1120 2558 uultuque

115 2562 269 2624 indecoras
285 2563 464 2626 adulationes
485 2567 629 2644 repressit
652 2574 681 2625 et
695 2565 858 2643 insequenti
875 2565 921 2625 die
942 2564 1119 2642 gravissimo

119 2648 260 2725 corripuit
277 2647 388 2718 edicto;
406 2647 606 2728 dominumque
622 2666 655 2708 se
668 2649 791 2727 posthac
803 2648 947 2728 appellari
962 2667 998 2708 ne
1015 2646 1119 2708 alibe-

117 2729 158 2804 ris
172 2729 287 2808 quidem
308 2739 355 2790 aut
374 2733 531 2811 nepotibus
547 2735 606 2792 suis
622 2731 669 2792 vel
690 2734 769 2793 serio
784 2732 832 2792 rel
854 2734 922 2793 ioco
939 2749 1044 2816 passus
1061 2739 1118 2808 est,

118 2822 203 2891 atque
225 2813 382 2874 eiusmodi
404 2813 557 2876 blanditias
572 2817 656 2877 etiam
672 2817 746 2876 inter
761 2817 843 2896 ipsos
863 2815 1020 2895 probibuit.
1051 2813 1154 2882 Nonas

116 2905 225 2956 temere
239 2896 309 2957 urbe
325 2898 474 2978 oppidove
495 2901 555 2960 ullo
572 2918 712 2977 egressus
731 2909 779 2960 aut
800 2917 945 2980 quoquam
965 2901 1119 2977 ingressus

117 2987 162 3040 est
176 2980 230 3039 nisi
246 2999 374 3060 vespera
391 2993 439 3052 aut
451 2994 554 3061 noctu,
571 3003 607 3044 ne
624 3001 710 3062 quern
726 2984 817 3045 oflicii
833 3002 920 3046 causa
932 2985 1117 3062 inquietaret.

115 3063 149 3122 In
167 3065 315 3126 consulatu
332 3067 454 3144 pedibus
474 3068 556 3143 iere,
580 3076 661 3127 extra
678 3068 856 3144 consulatum
872 3087 963 3148 saepe
979 3065 1118 3146 adaperta

116 3145 189 3206 sella
203 3166 256 3226 per
271 3149 417 3229 publicum
432 3153 560 3212 incessit.
591 3150 767 3212 Promiscuis
783 3151 1004 3214 salutationibus
1017 3151 1117 3212 admit

115 3229 194 3289 tebat
215 3241 243 3290 et
266 3231 398 3312 plebem,
427 3244 504 3295 tanta
533 3237 666 3296 comitate
690 3236 853 3297 adeuntium
874 3236 1017 3297 desideria
1038 3233 1153 3296 cxci-as

116 3314 213 3391 piens,
235 3323 265 3374 ut
281 3317 422 3394 quendam
438 3319 505 3379 ioco
522 3321 712 3399 corripuerit,
735 3320 812 3399 quod
832 3321 880 3382 sic
899 3319 962 3381 sibi
983 3313 1118 3398 libellum

112 3397 276 3476 porripcre
291 3398 463 3476 dubitaret,
486 3402 580 3481 quast
592 3403 753 3482 elepbnnto
771 3405 889 3484 stipem.
930 3403 985 3464 Die
1000 3410 1118 3463 senatus

113 3496 265 3559 numquam
288 3491 386 3561 patres
408 3485 463 3545 nisi
483 3486 510 3545 in
533 3487 612 3547 curia
634 3487 769 3548 salutavit
793 3497 822 3548 et
845 3488 959 3568 quidem
976 3485 1119 3561 sedentis,
