<?xml version="1.0" encoding="UTF-8"?>
<!DOCTYPE html PUBLIC "-//W3C//DTD XHTML 1.0 Transitional//EN"
    "http://www.w3.org/TR/xhtml1/DTD/xhtml1-transitional.dtd">
<html xmlns="http://www.w3.org/1999/xhtml" xml:lang="en" lang="en">
 <head>
  <title>
</title>
<meta http-equiv="Content-Type" content="text/html;charset=utf-8" />
  <meta name='ocr-system' content='tesseract 3.04.00' />
  <meta name='ocr-capabilities' content='ocr_page ocr_carea ocr_par ocr_line ocrx_word'/>
</head>
<body>
  <div class='ocr_page' id='page_1' title='image "./csuetonitranqui00rothgoog_0276.png"; bbox 0 0 2444 3872; ppageno 0'>
   <div class='ocr_carea' id='block_1_1' title="bbox 123 205 1057 276">
    <p class='ocr_par' dir='ltr' id='par_1_1' title="bbox 123 205 1057 276">
     <span class='ocr_line' id='line_1_1' title="bbox 123 205 1057 276; baseline -0.003 -10"><span class='ocrx_word' id='word_1_1' title='bbox 123 205 185 276; x_wconf 81' lang='grc'>,166</span> <span class='ocrx_word' id='word_1_2' title='bbox 226 217 257 266; x_wconf 85' lang='lat' dir='ltr'><strong>o.</strong></span> <span class='ocrx_word' id='word_1_3' title='bbox 270 215 420 266; x_wconf 82' lang='lat' dir='ltr'><strong>suuuour</strong></span> <span class='ocrx_word' id='word_1_4' title='bbox 432 217 561 276; x_wconf 77' lang='lat' dir='ltr'><strong>renuo.</strong></span> <span class='ocrx_word' id='word_1_5' title='bbox 576 217 623 266; x_wconf 79' lang='lat' dir='ltr'><strong>De</strong></span> <span class='ocrx_word' id='word_1_6' title='bbox 637 216 720 265; x_wconf 78' lang='lat' dir='ltr'><strong>vrrs</strong></span> <span class='ocrx_word' id='word_1_7' title='bbox 734 216 920 265; x_wconf 82' lang='lat' dir='ltr'><strong>cussuuuu</strong></span> <span class='ocrx_word' id='word_1_8' title='bbox 941 217 1011 265; x_wconf 82' lang='lat' dir='ltr'><strong>urs.</strong></span> <span class='ocrx_word' id='word_1_9' title='bbox 1025 218 1057 264; x_wconf 90' lang='lat' dir='ltr'><strong>v.</strong></span> 
     </span>
    </p>
   </div>
   <div class='ocr_carea' id='block_1_2' title="bbox 12 369 1186 3397">
    <p class='ocr_par' dir='ltr' id='par_1_2' title="bbox 68 369 1186 2135">
     <span class='ocr_line' id='line_1_2' title="bbox 123 369 1124 450; baseline -0.002 -16"><span class='ocrx_word' id='word_1_10' title='bbox 123 375 220 434; x_wconf 85' lang='lat' dir='ltr'><strong>alasse</strong></span> <span class='ocrx_word' id='word_1_11' title='bbox 238 391 271 432; x_wconf 90' lang='lat' dir='ltr'><strong>se</strong></span> <span class='ocrx_word' id='word_1_12' title='bbox 285 373 342 432; x_wconf 86' lang='lat' dir='ltr'><strong>vim</strong></span> <span class='ocrx_word' id='word_1_13' title='bbox 360 373 387 432; x_wconf 90' lang='lat' dir='ltr'><strong>ei</strong></span> <span class='ocrx_word' id='word_1_14' title='bbox 403 371 439 434; x_wconf 88' lang='lat' dir='ltr'><strong>ab</strong></span> <span class='ocrx_word' id='word_1_15' title='bbox 454 371 553 450; x_wconf 79' lang='lat' dir='ltr'><strong>Appio</strong></span> <span class='ocrx_word' id='word_1_16' title='bbox 574 370 705 439; x_wconf 68' lang='lat' dir='ltr'><strong>inlatam</strong></span> <span class='ocrx_word' id='word_1_17' title='bbox 728 369 837 447; x_wconf 85' lang='lat' dir='ltr'><strong>altera,</strong></span> <span class='ocrx_word' id='word_1_18' title='bbox 861 371 890 430; x_wconf 94' lang='lat' dir='ltr'><strong>in</strong></span> <span class='ocrx_word' id='word_1_19' title='bbox 909 369 1124 432; x_wconf 72' lang='lat' dir='ltr'><strong>admirationem</strong></span> 
     </span>
     <span class='ocr_line' id='line_1_3' title="bbox 122 453 1186 534; baseline -0.001 -16"><span class='ocrx_word' id='word_1_20' title='bbox 122 458 260 533; x_wconf 82' lang='lat' dir='ltr'><strong>formata,</strong></span> <span class='ocrx_word' id='word_1_21' title='bbox 283 457 338 516; x_wconf 88' lang='lat' dir='ltr'><strong>sibi</strong></span> <span class='ocrx_word' id='word_1_22' title='bbox 360 473 476 534; x_wconf 92' lang='lat' dir='ltr'><strong>quoque</strong></span> <span class='ocrx_word' id='word_1_23' title='bbox 499 454 620 519; x_wconf 86' lang='lat' dir='ltr'><strong>eandem</strong></span> <span class='ocrx_word' id='word_1_24' title='bbox 642 453 772 532; x_wconf 82' lang='lat' dir='ltr'><strong>speeiem</strong></span> <span class='ocrx_word' id='word_1_25' title='bbox 792 454 903 532; x_wconf 89' lang='lat' dir='ltr'><strong>aliquot</strong></span> <span class='ocrx_word' id='word_1_26' title='bbox 917 455 973 514; x_wconf 88' lang='lat' dir='ltr'><strong>iarn</strong></span> <span class='ocrx_word' id='word_1_27' title='bbox 993 453 1123 517; x_wconf 81' lang='lat' dir='ltr'><strong>noetiltur</strong></span> <span class='ocrx_word' id='word_1_28' title='bbox 1183 491 1186 497; x_wconf 91' lang='lat'>-</span> 
     </span>
     <span class='ocr_line' id='line_1_4' title="bbox 124 538 1167 618; baseline -0.002 -16"><span class='ocrx_word' id='word_1_29' title='bbox 124 541 276 605; x_wconf 85' lang='lat' dir='ltr'><strong>obversari</strong></span> <span class='ocrx_word' id='word_1_30' title='bbox 300 539 423 610; x_wconf 89' lang='lat' dir='ltr'><strong>rettulit;</strong></span> <span class='ocrx_word' id='word_1_31' title='bbox 450 557 507 600; x_wconf 90' lang='lat' dir='ltr'><strong>nee</strong></span> <span class='ocrx_word' id='word_1_32' title='bbox 529 538 618 600; x_wconf 90' lang='lat' dir='ltr'><strong>multo</strong></span> <span class='ocrx_word' id='word_1_33' title='bbox 633 547 702 616; x_wconf 89' lang='lat' dir='ltr'><strong>post</strong></span> <span class='ocrx_word' id='word_1_34' title='bbox 721 555 759 598; x_wconf 86' lang='lat' dir='ltr'><strong>ex</strong></span> <span class='ocrx_word' id='word_1_35' title='bbox 779 538 942 618; x_wconf 78' lang='lat' dir='ltr'><strong>composito</strong></span> <span class='ocrx_word' id='word_1_36' title='bbox 963 539 1124 618; x_wconf 72' lang='lat' dir='ltr'><strong>inrumpere</strong></span> <span class='ocrx_word' id='word_1_37' title='bbox 1162 546 1167 559; x_wconf 78' lang='grc'>’</span> 
     </span>
     <span class='ocr_line' id='line_1_5' title="bbox 123 621 1160 705; baseline -0.002 -19"><span class='ocrx_word' id='word_1_38' title='bbox 123 626 239 705; x_wconf 84' lang='lat' dir='ltr'><strong>Appius</strong></span> <span class='ocrx_word' id='word_1_39' title='bbox 255 627 415 700; x_wconf 90' lang='lat' dir='ltr'><strong>nuntiatus,</strong></span> <span class='ocrx_word' id='word_1_40' title='bbox 438 625 483 683; x_wconf 86' lang='lat' dir='ltr'><strong>cui</strong></span> <span class='ocrx_word' id='word_1_41' title='bbox 499 621 592 702; x_wconf 81' lang='lat' dir='ltr'>pridie</span> <span class='ocrx_word' id='word_1_42' title='bbox 607 622 643 681; x_wconf 89' lang='lat' dir='ltr'><strong>ad</strong></span> <span class='ocrx_word' id='word_1_43' title='bbox 658 621 686 681; x_wconf 92' lang='lat' dir='ltr'><strong>id</strong></span> <span class='ocrx_word' id='word_1_44' title='bbox 700 623 841 701; x_wconf 86' lang='lat' dir='ltr'><strong>temporis</strong></span> <span class='ocrx_word' id='word_1_45' title='bbox 858 631 888 681; x_wconf 93' lang='lat' dir='ltr'><strong>ut</strong></span> <span class='ocrx_word' id='word_1_46' title='bbox 910 621 1029 682; x_wconf 89' lang='lat' dir='ltr'><strong>adesset</strong></span> <span class='ocrx_word' id='word_1_47' title='bbox 1044 641 1123 702; x_wconf 88' lang='lat' dir='ltr'><strong>prae·</strong></span> <span class='ocrx_word' id='word_1_48' title='bbox 1157 649 1160 656; x_wconf 93' lang='lat'>·</span> 
     </span>
     <span class='ocr_line' id='line_1_6' title="bbox 125 705 1146 789; baseline -0.001 -19"><span class='ocrx_word' id='word_1_49' title='bbox 125 717 240 789; x_wconf 87' lang='lat' dir='ltr'><strong>eeptum</strong></span> <span class='ocrx_word' id='word_1_50' title='bbox 256 717 334 784; x_wconf 81' lang='lat' dir='ltr'><strong>erat,</strong></span> <span class='ocrx_word' id='word_1_51' title='bbox 357 709 438 787; x_wconf 83' lang='lat' dir='ltr'><strong>quasi</strong></span> <span class='ocrx_word' id='word_1_52' title='bbox 455 707 541 785; x_wconf 89' lang='lat' dir='ltr'><strong>plane</strong></span> <span class='ocrx_word' id='word_1_53' title='bbox 563 715 836 784; x_wconf 75' lang='lat' dir='ltr'><strong>repraesentaretur</strong></span> <span class='ocrx_word' id='word_1_54' title='bbox 850 708 956 766; x_wconf 86' lang='lat' dir='ltr'><strong>somnii</strong></span> <span class='ocrx_word' id='word_1_55' title='bbox 975 705 1062 784; x_wconf 83' lang='lat' dir='ltr'><strong>tides,</strong></span> <span class='ocrx_word' id='word_1_56' title='bbox 1084 726 1146 770; x_wconf 83' lang='grc' dir='ltr'>ιιι-ι</span> 
     </span>
     <span class='ocr_line' id='line_1_7' title="bbox 124 787 1125 869; baseline -0.003 -15"><span class='ocrx_word' id='word_1_57' title='bbox 124 794 202 854; x_wconf 86' lang='lat' dir='ltr'><strong>oessi</strong></span> <span class='ocrx_word' id='word_1_58' title='bbox 224 795 317 854; x_wconf 81' lang='lat' dir='ltr'><strong>statim</strong></span> <span class='ocrx_word' id='word_1_59' title='bbox 338 811 372 853; x_wconf 87' lang='lat' dir='ltr'><strong>aa</strong></span> <span class='ocrx_word' id='word_1_60' title='bbox 394 793 467 851; x_wconf 88' lang='lat' dir='ltr'><strong>mori</strong></span> <span class='ocrx_word' id='word_1_61' title='bbox 487 793 582 852; x_wconf 87' lang='lat' dir='ltr'><strong>iussus</strong></span> <span class='ocrx_word' id='word_1_62' title='bbox 608 799 661 850; x_wconf 89' lang='lat' dir='ltr'><strong>est.</strong></span> <span class='ocrx_word' id='word_1_63' title='bbox 695 789 759 851; x_wconf 87' lang='lat' dir='ltr'><strong>Nee</strong></span> <span class='ocrx_word' id='word_1_64' title='bbox 781 787 920 851; x_wconf 79' lang='lat' dir='ltr'><strong>dubitarit</strong></span> <span class='ocrx_word' id='word_1_65' title='bbox 942 799 1064 869; x_wconf 86' lang='lat' dir='ltr'><strong>postero</strong></span> <span class='ocrx_word' id='word_1_66' title='bbox 1082 792 1125 852; x_wconf 91' lang='lat' dir='ltr'><strong>die</strong></span> 
     </span>
     <span class='ocr_line' id='line_1_8' title="bbox 124 874 1125 954; baseline -0.004 -14"><span class='ocrx_word' id='word_1_67' title='bbox 124 877 262 940; x_wconf 77' lang='lat' dir='ltr'><strong>Claudius</strong></span> <span class='ocrx_word' id='word_1_68' title='bbox 284 877 413 940; x_wconf 84' lang='lat' dir='ltr'><strong>ordinem</strong></span> <span class='ocrx_word' id='word_1_69' title='bbox 436 877 479 939; x_wconf 88' lang='lat' dir='ltr'><strong>rei</strong></span> <span class='ocrx_word' id='word_1_70' title='bbox 498 881 602 954; x_wconf 79' lang='lat' dir='ltr'><strong>gestae</strong></span> <span class='ocrx_word' id='word_1_71' title='bbox 618 875 751 953; x_wconf 85' lang='lat' dir='ltr'><strong>perferre</strong></span> <span class='ocrx_word' id='word_1_72' title='bbox 770 874 953 935; x_wconf 67' lang='lat' dir='ltr'><strong>ad&#39;seuatum</strong></span> <span class='ocrx_word' id='word_1_73' title='bbox 973 893 1008 935; x_wconf 86' lang='lat' dir='ltr'><strong>ae</strong></span> <span class='ocrx_word' id='word_1_74' title='bbox 1023 875 1125 936; x_wconf 83' lang='lat' dir='ltr'><strong>liberto</strong></span> 
     </span>
     <span class='ocr_line' id='line_1_9' title="bbox 125 955 1126 1041; baseline -0.003 -18"><span class='ocrx_word' id='word_1_75' title='bbox 125 955 235 1041; x_wconf 74' lang='lat' dir='ltr'><strong>gratias</strong></span> <span class='ocrx_word' id='word_1_76' title='bbox 253 978 362 1038; x_wconf 82' lang='lat' dir='ltr'><strong>agere,</strong></span> <span class='ocrx_word' id='word_1_77' title='bbox 383 960 460 1040; x_wconf 91' lang='lat' dir='ltr'><strong>quod</strong></span> <span class='ocrx_word' id='word_1_78' title='bbox 477 977 530 1039; x_wconf 91' lang='lat' dir='ltr'><strong>pro</strong></span> <span class='ocrx_word' id='word_1_79' title='bbox 551 958 644 1020; x_wconf 85' lang='lat' dir='ltr'><strong>salute</strong></span> <span class='ocrx_word' id='word_1_80' title='bbox 668 976 720 1018; x_wconf 88' lang='lat' dir='ltr'><strong>sua</strong></span> <span class='ocrx_word' id='word_1_81' title='bbox 734 959 819 1022; x_wconf 87' lang='lat' dir='ltr'><strong>etiam</strong></span> <span class='ocrx_word' id='word_1_82' title='bbox 840 959 989 1019; x_wconf 78' lang='lat' dir='ltr'><strong>dormiere</strong></span> <span class='ocrx_word' id='word_1_83' title='bbox 1004 960 1126 1020; x_wconf 69' lang='lat' dir='ltr'><strong>euersa·</strong></span> 
     </span>
     <span class='ocr_line' id='line_1_10' title="bbox 83 1042 1128 1124; baseline -0.003 -18"><span class='ocrx_word' id='word_1_84' title='bbox 83 1056 182 1116; x_wconf 70' lang='lat' dir='ltr'><strong>asset.</strong></span> <span class='ocrx_word' id='word_1_85' title='bbox 205 1045 271 1106; x_wconf 88' lang='lat' dir='ltr'><strong>irae</strong></span> <span class='ocrx_word' id='word_1_86' title='bbox 292 1055 379 1124; x_wconf 88' lang='lat' dir='ltr'><strong>atque</strong></span> <span class='ocrx_word' id='word_1_87' title='bbox 399 1044 565 1106; x_wconf 80' lang='lat' dir='ltr'><strong>iracundiae</strong></span> <span class='ocrx_word' id='word_1_88' title='bbox 582 1043 718 1110; x_wconf 84' lang='lat' dir='ltr'><strong>oonsoius</strong></span> <span class='ocrx_word' id='word_1_89' title='bbox 730 1042 802 1121; x_wconf 88' lang='lat' dir='ltr'><strong>sihi,</strong></span> <span class='ocrx_word' id='word_1_90' title='bbox 816 1045 1128 1121; x_wconf 81' lang='lat' dir='ltr'><strong>utramqueerausarit</strong></span> 
     </span>
     <span class='ocr_line' id='line_1_11' title="bbox 127 1125 1162 1208; baseline -0.005 -18"><span class='ocrx_word' id='word_1_91' title='bbox 127 1131 223 1192; x_wconf 85' lang='lat' dir='ltr'><strong>ediato</strong></span> <span class='ocrx_word' id='word_1_92' title='bbox 238 1129 441 1208; x_wconf 71' lang='lat' dir='ltr'><strong>detinuitque,</strong></span> <span class='ocrx_word' id='word_1_93' title='bbox 459 1129 608 1207; x_wconf 75' lang='lat' dir='ltr'><strong>pollicitus</strong></span> <span class='ocrx_word' id='word_1_94' title='bbox 623 1127 756 1190; x_wconf 82' lang='lat' dir='ltr'><strong>alteram</strong></span> <span class='ocrx_word' id='word_1_95' title='bbox 769 1126 890 1206; x_wconf 75' lang='lat' dir='ltr'><strong>quidem</strong></span> <span class='ocrx_word' id='word_1_96' title='bbox 904 1125 1027 1188; x_wconf 79' lang='lat' dir='ltr'><strong>brevem</strong></span> <span class='ocrx_word' id='word_1_97' title='bbox 1041 1135 1071 1190; x_wconf 85' lang='lat' dir='ltr'><strong>et</strong></span> <span class='ocrx_word' id='word_1_98' title='bbox 1081 1129 1126 1188; x_wconf 83' lang='lat' dir='ltr'><strong>isr-</strong></span> <span class='ocrx_word' id='word_1_99' title='bbox 1138 1143 1162 1186; x_wconf 89' lang='lat' dir='ltr'><strong>ro</strong></span> 
     </span>
     <span class='ocr_line' id='line_1_12' title="bbox 68 1209 1129 1292; baseline -0.002 -18"><span class='ocrx_word' id='word_1_100' title='bbox 68 1271 69 1274; x_wconf 74' lang='grc'>,</span> <span class='ocrx_word' id='word_1_101' title='bbox 125 1213 270 1292; x_wconf 75' lang='lat' dir='ltr'><strong>ousiam,</strong></span> <span class='ocrx_word' id='word_1_102' title='bbox 288 1213 420 1272; x_wconf 83' lang='lat' dir='ltr'><strong>alteram</strong></span> <span class='ocrx_word' id='word_1_103' title='bbox 431 1231 494 1274; x_wconf 85' lang='lat' dir='ltr'><strong>aaa</strong></span> <span class='ocrx_word' id='word_1_104' title='bbox 506 1211 652 1272; x_wconf 79' lang='lat' dir='ltr'><strong>iniustam</strong></span> <span class='ocrx_word' id='word_1_105' title='bbox 666 1210 748 1290; x_wconf 73' lang='lat' dir='ltr'><strong>fore.</strong></span> <span class='ocrx_word' id='word_1_106' title='bbox 774 1209 975 1290; x_wconf 83' lang='lat' dir='ltr'><strong>Ostiensibus,</strong></span> <span class='ocrx_word' id='word_1_107' title='bbox 990 1214 1058 1291; x_wconf 88' lang='lat' dir='ltr'><strong>qnia</strong></span> <span class='ocrx_word' id='word_1_108' title='bbox 1075 1212 1129 1272; x_wconf 76' lang='lat' dir='ltr'><strong>silui</strong></span> 
     </span>
     <span class='ocr_line' id='line_1_13' title="bbox 126 1295 1128 1375; baseline -0.001 -17"><span class='ocrx_word' id='word_1_109' title='bbox 126 1297 260 1360; x_wconf 88' lang='lat' dir='ltr'><strong>subeunti</strong></span> <span class='ocrx_word' id='word_1_110' title='bbox 277 1295 403 1358; x_wconf 83' lang='lat' dir='ltr'><strong>Tiberim</strong></span> <span class='ocrx_word' id='word_1_111' title='bbox 419 1295 542 1375; x_wconf 87' lang='lat' dir='ltr'><strong>seaplras</strong></span> <span class='ocrx_word' id='word_1_112' title='bbox 557 1295 672 1356; x_wconf 88' lang='lat' dir='ltr'><strong>obviarn</strong></span> <span class='ocrx_word' id='word_1_113' title='bbox 687 1313 745 1357; x_wconf 91' lang='lat' dir='ltr'><strong>nou</strong></span> <span class='ocrx_word' id='word_1_114' title='bbox 756 1297 902 1374; x_wconf 81' lang='lat' dir='ltr'><strong>miserint,</strong></span> <span class='ocrx_word' id='word_1_115' title='bbox 920 1298 1051 1374; x_wconf 77' lang='lat' dir='ltr'><strong>graviter</strong></span> <span class='ocrx_word' id='word_1_116' title='bbox 1065 1313 1128 1358; x_wconf 91' lang='lat' dir='ltr'><strong>oor·</strong></span> 
     </span>
     <span class='ocr_line' id='line_1_14' title="bbox 125 1379 1128 1462; baseline -0.002 -20"><span class='ocrx_word' id='word_1_117' title='bbox 125 1383 233 1462; x_wconf 86' lang='lat' dir='ltr'><strong>neptis,</strong></span> <span class='ocrx_word' id='word_1_118' title='bbox 258 1398 352 1460; x_wconf 88' lang='lat' dir='ltr'><strong>eaque</strong></span> <span class='ocrx_word' id='word_1_119' title='bbox 373 1399 438 1452; x_wconf 79' lang='lat' dir='ltr'><strong>oum</strong></span> <span class='ocrx_word' id='word_1_120' title='bbox 460 1379 581 1458; x_wconf 83' lang='lat' dir='ltr'><strong>invidia,</strong></span> <span class='ocrx_word' id='word_1_121' title='bbox 606 1389 636 1440; x_wconf 94' lang='lat' dir='ltr'><strong>ut</strong></span> <span class='ocrx_word' id='word_1_122' title='bbox 659 1381 688 1440; x_wconf 92' lang='lat' dir='ltr'><strong>in</strong></span> <span class='ocrx_word' id='word_1_123' title='bbox 704 1380 834 1441; x_wconf 87' lang='lat' dir='ltr'><strong>ordinem</strong></span> <span class='ocrx_word' id='word_1_124' title='bbox 854 1399 887 1441; x_wconf 89' lang='lat' dir='ltr'><strong>se</strong></span> <span class='ocrx_word' id='word_1_125' title='bbox 908 1390 1043 1442; x_wconf 85' lang='lat' dir='ltr'><strong>eoaaturn</strong></span> <span class='ocrx_word' id='word_1_126' title='bbox 1063 1399 1128 1441; x_wconf 90' lang='lat' dir='ltr'><strong>oon-</strong></span> 
     </span>
     <span class='ocr_line' id='line_1_15' title="bbox 125 1465 1130 1548; baseline -0.003 -20"><span class='ocrx_word' id='word_1_127' title='bbox 125 1465 285 1544; x_wconf 86' lang='lat' dir='ltr'><strong>soriberet,</strong></span> <span class='ocrx_word' id='word_1_128' title='bbox 315 1475 437 1548; x_wconf 66' lang='lat' dir='ltr'><strong>rpppqte</strong></span> <span class='ocrx_word' id='word_1_129' title='bbox 460 1473 566 1526; x_wconf 86' lang='lat' dir='ltr'><strong>tautum</strong></span> <span class='ocrx_word' id='word_1_130' title='bbox 587 1481 646 1524; x_wconf 91' lang='lat' dir='ltr'><strong>uon</strong></span> <span class='ocrx_word' id='word_1_131' title='bbox 671 1466 740 1526; x_wconf 89' lang='lat' dir='ltr'><strong>satie</strong></span> <span class='ocrx_word' id='word_1_132' title='bbox 763 1466 897 1526; x_wconf 79' lang='lat' dir='ltr'><strong>facientis</strong></span> <span class='ocrx_word' id='word_1_133' title='bbox 913 1465 999 1526; x_wconf 90' lang='lat' dir='ltr'><strong>modo</strong></span> <span class='ocrx_word' id='word_1_134' title='bbox 1016 1468 1130 1526; x_wconf 84' lang='lat' dir='ltr'><strong>veniam</strong></span> 
     </span>
     <span class='ocr_line' id='line_1_16' title="bbox 125 1549 1165 1629; baseline 0 -17"><span class='ocrx_word' id='word_1_135' title='bbox 125 1550 212 1612; x_wconf 89' lang='lat' dir='ltr'><strong>dedit.</strong></span> <span class='ocrx_word' id='word_1_136' title='bbox 238 1550 385 1625; x_wconf 78' lang='lat' dir='ltr'><strong>Quosdam</strong></span> <span class='ocrx_word' id='word_1_137' title='bbox 407 1551 436 1610; x_wconf 92' lang='lat' dir='ltr'><strong>in</strong></span> <span class='ocrx_word' id='word_1_138' title='bbox 458 1549 577 1629; x_wconf 84' lang='lat' dir='ltr'><strong>publioo</strong></span> <span class='ocrx_word' id='word_1_139' title='bbox 594 1566 693 1628; x_wconf 86' lang='lat' dir='ltr'><strong>perum</strong></span> <span class='ocrx_word' id='word_1_140' title='bbox 708 1550 882 1628; x_wconf 84' lang='lat' dir='ltr'><strong>tempestive</strong></span> <span class='ocrx_word' id='word_1_141' title='bbox 895 1550 1030 1610; x_wconf 79' lang='lat' dir='ltr'><strong>adeuntis</strong></span> <span class='ocrx_word' id='word_1_142' title='bbox 1045 1569 1130 1611; x_wconf 85' lang='lat' dir='ltr'><strong>marm</strong></span> <span class='ocrx_word' id='word_1_143' title='bbox 1140 1571 1165 1613; x_wconf 82' lang='lat' dir='ltr'><strong>us</strong></span> 
     </span>
     <span class='ocr_line' id='line_1_17' title="bbox 125 1633 1131 1715; baseline -0.003 -17"><span class='ocrx_word' id='word_1_144' title='bbox 125 1655 177 1698; x_wconf 89' lang='lat' dir='ltr'><strong>sua</strong></span> <span class='ocrx_word' id='word_1_145' title='bbox 198 1634 335 1715; x_wconf 86' lang='lat' dir='ltr'><strong>reppulit.</strong></span> <span class='ocrx_word' id='word_1_146' title='bbox 369 1635 442 1699; x_wconf 85' lang='lat' dir='ltr'><strong>Item</strong></span> <span class='ocrx_word' id='word_1_147' title='bbox 465 1633 588 1694; x_wconf 82' lang='lat' dir='ltr'><strong>scribam</strong></span> <span class='ocrx_word' id='word_1_148' title='bbox 611 1635 823 1713; x_wconf 87' lang='lat' dir='ltr'><strong>quaestorium,</strong></span> <span class='ocrx_word' id='word_1_149' title='bbox 851 1637 976 1714; x_wconf 84' lang='lat' dir='ltr'><strong>itemque</strong></span> <span class='ocrx_word' id='word_1_150' title='bbox 993 1645 1131 1714; x_wconf 88' lang='lat' dir='ltr'><strong>praetura</strong></span> 
     </span>
     <span class='ocr_line' id='line_1_18' title="bbox 124 1718 1131 1797; baseline -0.003 -16"><span class='ocrx_word' id='word_1_151' title='bbox 124 1723 253 1782; x_wconf 86' lang='lat' dir='ltr'><strong>lunatum</strong></span> <span class='ocrx_word' id='word_1_152' title='bbox 268 1729 434 1791; x_wconf 85' lang='lat' dir='ltr'><strong>senatorem</strong></span> <span class='ocrx_word' id='word_1_153' title='bbox 448 1718 593 1780; x_wconf 84' lang='lat' dir='ltr'><strong>inauditos</strong></span> <span class='ocrx_word' id='word_1_154' title='bbox 611 1727 641 1778; x_wconf 93' lang='lat' dir='ltr'><strong>et</strong></span> <span class='ocrx_word' id='word_1_155' title='bbox 654 1720 790 1778; x_wconf 81' lang='lat' dir='ltr'><strong>innoxios</strong></span> <span class='ocrx_word' id='word_1_156' title='bbox 807 1719 969 1797; x_wconf 75' lang='lat' dir='ltr'><strong>relegavit,</strong></span> <span class='ocrx_word' id='word_1_157' title='bbox 987 1719 1066 1797; x_wconf 89' lang='lat' dir='ltr'><strong>quod</strong></span> <span class='ocrx_word' id='word_1_158' title='bbox 1079 1719 1131 1778; x_wconf 92' lang='lat' dir='ltr'><strong>ille</strong></span> 
     </span>
     <span class='ocr_line' id='line_1_19' title="bbox 125 1802 1131 1883; baseline -0.005 -16"><span class='ocrx_word' id='word_1_159' title='bbox 125 1805 265 1867; x_wconf 81' lang='lat' dir='ltr'><strong>aduersus</strong></span> <span class='ocrx_word' id='word_1_160' title='bbox 282 1806 424 1883; x_wconf 84' lang='lat' dir='ltr'><strong>privatam</strong></span> <span class='ocrx_word' id='word_1_161' title='bbox 440 1822 472 1864; x_wconf 88' lang='lat' dir='ltr'><strong>se</strong></span> <span class='ocrx_word' id='word_1_162' title='bbox 489 1804 728 1880; x_wconf 88' lang='lat' dir='ltr'><strong>intemperantias</strong></span> <span class='ocrx_word' id='word_1_163' title='bbox 749 1802 895 1879; x_wconf 83' lang='lat' dir='ltr'><strong>affuisset,</strong></span> <span class='ocrx_word' id='word_1_164' title='bbox 916 1802 966 1862; x_wconf 85' lang='lat' dir='ltr'><strong>hie</strong></span> <span class='ocrx_word' id='word_1_165' title='bbox 983 1805 1012 1862; x_wconf 93' lang='lat' dir='ltr'><strong>iu</strong></span> <span class='ocrx_word' id='word_1_166' title='bbox 1030 1803 1131 1864; x_wconf 91' lang='lat' dir='ltr'><strong>aedili·</strong></span> 
     </span>
     <span class='ocr_line' id='line_1_20' title="bbox 125 1887 1132 1968; baseline -0.003 -18"><span class='ocrx_word' id='word_1_167' title='bbox 125 1898 183 1950; x_wconf 87' lang='lat' dir='ltr'><strong>tate</strong></span> <span class='ocrx_word' id='word_1_168' title='bbox 216 1888 371 1968; x_wconf 90' lang='lat' dir='ltr'><strong>inquilinos</strong></span> <span class='ocrx_word' id='word_1_169' title='bbox 394 1887 578 1966; x_wconf 88' lang='lat' dir='ltr'><strong>praediorum</strong></span> <span class='ocrx_word' id='word_1_170' title='bbox 604 1904 738 1964; x_wconf 85' lang='lat' dir='ltr'><strong>suorum,</strong></span> <span class='ocrx_word' id='word_1_171' title='bbox 771 1896 875 1948; x_wconf 85' lang='lat' dir='ltr'><strong>eontra</strong></span> <span class='ocrx_word' id='word_1_172' title='bbox 899 1888 1018 1948; x_wconf 82' lang='lat' dir='ltr'><strong>ratitum</strong></span> <span class='ocrx_word' id='word_1_173' title='bbox 1045 1896 1132 1948; x_wconf 86' lang='lat' dir='ltr'><strong>aoeta</strong></span> 
     </span>
     <span class='ocr_line' id='line_1_21' title="bbox 126 1971 1168 2049; baseline -0.002 -16"><span class='ocrx_word' id='word_1_174' title='bbox 126 1973 299 2048; x_wconf 87' lang='lat' dir='ltr'><strong>vendentes,</strong></span> <span class='ocrx_word' id='word_1_175' title='bbox 330 1973 480 2033; x_wconf 87' lang='lat' dir='ltr'><strong>multasset</strong></span> <span class='ocrx_word' id='word_1_176' title='bbox 512 1971 685 2049; x_wconf 84' lang='lat' dir='ltr'><strong>uilicumque</strong></span> <span class='ocrx_word' id='word_1_177' title='bbox 714 1972 954 2032; x_wconf 88' lang='lat' dir='ltr'><strong>intervenientem</strong></span> <span class='ocrx_word' id='word_1_178' title='bbox 981 1972 1168 2048; x_wconf 74' lang='lat' dir='ltr'><strong>flagellas-ao</strong></span> 
     </span>
     <span class='ocr_line' id='line_1_22' title="bbox 126 2055 1132 2135; baseline -0.002 -18"><span class='ocrx_word' id='word_1_179' title='bbox 126 2066 181 2118; x_wconf 89' lang='lat' dir='ltr'><strong>set.</strong></span> <span class='ocrx_word' id='word_1_180' title='bbox 214 2056 277 2129; x_wconf 85' lang='lat' dir='ltr'><strong>Qua</strong></span> <span class='ocrx_word' id='word_1_181' title='bbox 296 2055 332 2116; x_wconf 94' lang='lat' dir='ltr'><strong>de</strong></span> <span class='ocrx_word' id='word_1_182' title='bbox 354 2074 441 2117; x_wconf 86' lang='lat' dir='ltr'><strong>eausa</strong></span> <span class='ocrx_word' id='word_1_183' title='bbox 459 2057 544 2116; x_wconf 90' lang='lat' dir='ltr'><strong>etiam</strong></span> <span class='ocrx_word' id='word_1_184' title='bbox 567 2056 774 2116; x_wconf 83' lang='lat' dir='ltr'><strong>eo&#39;eroitionem</strong></span> <span class='ocrx_word' id='word_1_185' title='bbox 791 2057 962 2135; x_wconf 76' lang='lat' dir='ltr'><strong>popinarum</strong></span> <span class='ocrx_word' id='word_1_186' title='bbox 987 2055 1132 2116; x_wconf 87' lang='lat' dir='ltr'><strong>aedilibus</strong></span> 
     </span>
    </p>

    <p class='ocr_par' dir='ltr' id='par_1_3' title="bbox 24 2141 241 2202">
     <span class='ocr_line' id='line_1_23' title="bbox 24 2141 241 2202; baseline 0.005 -6"><span class='ocrx_word' id='word_1_187' title='bbox 24 2188 28 2196; x_wconf 90' lang='lat'><em>.</em></span> <span class='ocrx_word' id='word_1_188' title='bbox 125 2141 241 2202; x_wconf 88' lang='lat' dir='ltr'><strong>ademit.</strong></span> 
     </span>
    </p>

    <p class='ocr_par' dir='ltr' id='par_1_4' title="bbox 12 2222 1172 2723">
     <span class='ocr_line' id='line_1_24' title="bbox 12 2222 1134 2304; baseline 0.004 -23"><span class='ocrx_word' id='word_1_189' title='bbox 12 2291 13 2295; x_wconf 7' lang='grc' dir='ltr'>η</span> <span class='ocrx_word' id='word_1_190' title='bbox 191 2223 237 2282; x_wconf 81' lang='lat' dir='ltr'><strong>Ae</strong></span> <span class='ocrx_word' id='word_1_191' title='bbox 260 2241 296 2282; x_wconf 90' lang='lat' dir='ltr'><strong>ne</strong></span> <span class='ocrx_word' id='word_1_192' title='bbox 318 2222 464 2284; x_wconf 84' lang='lat' dir='ltr'><strong>stultitiam</strong></span> <span class='ocrx_word' id='word_1_193' title='bbox 485 2225 600 2302; x_wconf 90' lang='lat' dir='ltr'><strong>quidem</strong></span> <span class='ocrx_word' id='word_1_194' title='bbox 622 2241 701 2284; x_wconf 90' lang='lat' dir='ltr'><strong>suam</strong></span> <span class='ocrx_word' id='word_1_195' title='bbox 720 2224 849 2302; x_wconf 80' lang='lat' dir='ltr'><strong>reticuit,</strong></span> <span class='ocrx_word' id='word_1_196' title='bbox 872 2223 1092 2304; x_wconf 83' lang='lat' dir='ltr'><strong>simulatamque</strong></span> <span class='ocrx_word' id='word_1_197' title='bbox 1115 2244 1134 2286; x_wconf 86' lang='lat' dir='ltr'><strong>a</strong></span> 
     </span>
     <span class='ocr_line' id='line_1_25' title="bbox 119 2305 1133 2386; baseline 0 -16"><span class='ocrx_word' id='word_1_198' title='bbox 119 2327 159 2382; x_wconf 86' lang='lat' dir='ltr'><strong>se</strong></span> <span class='ocrx_word' id='word_1_199' title='bbox 174 2327 212 2367; x_wconf 85' lang='lat' dir='ltr'><strong>ex</strong></span> <span class='ocrx_word' id='word_1_200' title='bbox 229 2305 367 2368; x_wconf 87' lang='lat' dir='ltr'><strong>industria</strong></span> <span class='ocrx_word' id='word_1_201' title='bbox 384 2306 436 2367; x_wconf 85' lang='lat' dir='ltr'><strong>sub</strong></span> <span class='ocrx_word' id='word_1_202' title='bbox 453 2307 539 2385; x_wconf 84' lang='lat' dir='ltr'><strong>Gaio,</strong></span> <span class='ocrx_word' id='word_1_203' title='bbox 564 2306 641 2386; x_wconf 92' lang='lat' dir='ltr'><strong>quod</strong></span> <span class='ocrx_word' id='word_1_204' title='bbox 657 2309 741 2368; x_wconf 87' lang='lat' dir='ltr'><strong>aliter</strong></span> <span class='ocrx_word' id='word_1_205' title='bbox 761 2326 900 2370; x_wconf 84' lang='lat' dir='ltr'><strong>erasurus</strong></span> <span class='ocrx_word' id='word_1_206' title='bbox 922 2317 1133 2386; x_wconf 79' lang='lat' dir='ltr'><strong>perventurus-</strong></span> 
     </span>
     <span class='ocr_line' id='line_1_26' title="bbox 118 2392 1172 2472; baseline 0.001 -20"><span class='ocrx_word' id='word_1_207' title='bbox 118 2411 184 2472; x_wconf 24' lang='lat' dir='ltr'><strong>,que</strong></span> <span class='ocrx_word' id='word_1_208' title='bbox 200 2392 236 2453; x_wconf 87' lang='lat' dir='ltr'><strong>ad</strong></span> <span class='ocrx_word' id='word_1_209' title='bbox 254 2400 419 2470; x_wconf 72' lang='lat' dir='ltr'><strong>susceptam</strong></span> <span class='ocrx_word' id='word_1_210' title='bbox 433 2394 586 2452; x_wconf 88' lang='lat' dir='ltr'><strong>stationem</strong></span> <span class='ocrx_word' id='word_1_211' title='bbox 600 2409 657 2452; x_wconf 93' lang='lat' dir='ltr'><strong>uon</strong></span> <span class='ocrx_word' id='word_1_212' title='bbox 672 2393 771 2470; x_wconf 87' lang='lat' dir='ltr'><strong>fuerit,</strong></span> <span class='ocrx_word' id='word_1_213' title='bbox 787 2392 957 2472; x_wconf 85' lang='lat' dir='ltr'><strong>quibusdam</strong></span> <span class='ocrx_word' id='word_1_214' title='bbox 967 2394 1133 2454; x_wconf 88' lang='lat' dir='ltr'><strong>oratiunau·</strong></span> <span class='ocrx_word' id='word_1_215' title='bbox 1144 2413 1172 2453; x_wconf 78' lang='lat' dir='ltr'><strong>ts</strong></span> 
     </span>
     <span class='ocr_line' id='line_1_27' title="bbox 125 2476 1136 2557; baseline 0.001 -20"><span class='ocrx_word' id='word_1_216' title='bbox 125 2478 162 2537; x_wconf 90' lang='lat' dir='ltr'><strong>lis</strong></span> <span class='ocrx_word' id='word_1_217' title='bbox 176 2485 300 2538; x_wconf 88' lang='lat' dir='ltr'><strong>testatus</strong></span> <span class='ocrx_word' id='word_1_218' title='bbox 311 2485 370 2546; x_wconf 91' lang='lat' dir='ltr'><strong>est;</strong></span> <span class='ocrx_word' id='word_1_219' title='bbox 390 2494 445 2536; x_wconf 87' lang='lat' dir='ltr'><strong>nec</strong></span> <span class='ocrx_word' id='word_1_220' title='bbox 457 2485 552 2536; x_wconf 89' lang='lat' dir='ltr'><strong>tamen</strong></span> <span class='ocrx_word' id='word_1_221' title='bbox 567 2477 729 2556; x_wconf 88' lang='lat' dir='ltr'><strong>persuasit,</strong></span> <span class='ocrx_word' id='word_1_222' title='bbox 746 2495 811 2539; x_wconf 88' lang='lat' dir='ltr'><strong>cum</strong></span> <span class='ocrx_word' id='word_1_223' title='bbox 825 2478 899 2538; x_wconf 89' lang='lat' dir='ltr'><strong>intra</strong></span> <span class='ocrx_word' id='word_1_224' title='bbox 911 2476 1003 2540; x_wconf 81' lang='lat' dir='ltr'><strong>breue</strong></span> <span class='ocrx_word' id='word_1_225' title='bbox 1015 2487 1136 2557; x_wconf 87' lang='lat' dir='ltr'><strong>tempus</strong></span> 
     </span>
     <span class='ocr_line' id='line_1_28' title="bbox 125 2552 1135 2640; baseline -0.001 -19"><span class='ocrx_word' id='word_1_226' title='bbox 125 2561 200 2622; x_wconf 91' lang='lat' dir='ltr'><strong>liher</strong></span> <span class='ocrx_word' id='word_1_227' title='bbox 218 2560 311 2621; x_wconf 88' lang='lat' dir='ltr'><strong>editus</strong></span> <span class='ocrx_word' id='word_1_228' title='bbox 330 2563 381 2638; x_wconf 90' lang='lat' dir='ltr'><strong>sit,</strong></span> <span class='ocrx_word' id='word_1_229' title='bbox 398 2563 443 2622; x_wconf 85' lang='lat' dir='ltr'><strong>oui</strong></span> <span class='ocrx_word' id='word_1_230' title='bbox 458 2561 545 2622; x_wconf 87' lang='lat' dir='ltr'><strong>index</strong></span> <span class='ocrx_word' id='word_1_231' title='bbox 561 2569 623 2621; x_wconf 88' lang='lat' dir='ltr'><strong>eret</strong></span> <span class='ocrx_word' id='word_1_232' title='bbox 636 2557 774 2640; x_wconf 74' lang='lat' dir='ltr'><strong>Maronia</strong></span> <span class='ocrx_word' id='word_1_233' title='bbox 791 2552 1025 2639; x_wconf 69' lang='grc' dir='ltr'><strong>ἐπανάστασις,</strong></span> <span class='ocrx_word' id='word_1_234' title='bbox 1043 2579 1135 2639; x_wconf 84' lang='lat' dir='ltr'><strong>argu·</strong></span> 
     </span>
     <span class='ocr_line' id='line_1_29' title="bbox 125 2644 840 2723; baseline -0.001 -18"><span class='ocrx_word' id='word_1_235' title='bbox 125 2655 251 2705; x_wconf 89' lang='lat' dir='ltr'><strong>mentum</strong></span> <span class='ocrx_word' id='word_1_236' title='bbox 266 2654 376 2722; x_wconf 85' lang='lat' dir='ltr'><strong>autem,</strong></span> <span class='ocrx_word' id='word_1_237' title='bbox 394 2645 540 2706; x_wconf 87' lang='lat' dir='ltr'><strong>stultitiam</strong></span> <span class='ocrx_word' id='word_1_238' title='bbox 556 2644 700 2704; x_wconf 90' lang='lat' dir='ltr'><strong>neminem</strong></span> <span class='ocrx_word' id='word_1_239' title='bbox 718 2645 840 2723; x_wconf 82' lang='lat' dir='ltr'><strong>lingere.</strong></span> 
     </span>
    </p>

    <p class='ocr_par' dir='ltr' id='par_1_5' title="bbox 83 2727 1181 3397">
     <span class='ocr_line' id='line_1_30' title="bbox 83 2727 1135 2796; baseline 0.004 -10"><span class='ocrx_word' id='word_1_240' title='bbox 83 2739 119 2796; x_wconf 75' lang='lat'><strong>39</strong></span> <span class='ocrx_word' id='word_1_241' title='bbox 189 2727 269 2788; x_wconf 92' lang='lat' dir='ltr'><strong>lnter</strong></span> <span class='ocrx_word' id='word_1_242' title='bbox 284 2739 382 2789; x_wconf 85' lang='lat' dir='ltr'><strong>cetera</strong></span> <span class='ocrx_word' id='word_1_243' title='bbox 394 2729 422 2788; x_wconf 93' lang='lat' dir='ltr'><strong>in</strong></span> <span class='ocrx_word' id='word_1_244' title='bbox 434 2747 471 2790; x_wconf 90' lang='lat' dir='ltr'><strong>eo</strong></span> <span class='ocrx_word' id='word_1_245' title='bbox 482 2732 573 2790; x_wconf 91' lang='lat' dir='ltr'><strong>mirati</strong></span> <span class='ocrx_word' id='word_1_246' title='bbox 589 2737 654 2789; x_wconf 89' lang='lat' dir='ltr'><strong>sunt</strong></span> <span class='ocrx_word' id='word_1_247' title='bbox 666 2728 797 2790; x_wconf 87' lang='lat' dir='ltr'><strong>homines</strong></span> <span class='ocrx_word' id='word_1_248' title='bbox 813 2739 842 2790; x_wconf 93' lang='lat' dir='ltr'><strong>et</strong></span> <span class='ocrx_word' id='word_1_249' title='bbox 857 2729 1035 2790; x_wconf 86' lang='lat' dir='ltr'><strong>oblivionem</strong></span> <span class='ocrx_word' id='word_1_250' title='bbox 1046 2739 1078 2790; x_wconf 92' lang='lat' dir='ltr'><strong>et</strong></span> <span class='ocrx_word' id='word_1_251' title='bbox 1089 2732 1135 2790; x_wconf 91' lang='lat' dir='ltr'><strong>iu-</strong></span> 
     </span>
     <span class='ocr_line' id='line_1_31' title="bbox 127 2801 1175 2895; baseline 0.002 -24"><span class='ocrx_word' id='word_1_252' title='bbox 127 2811 377 2889; x_wconf 83' lang='lat' dir='ltr'><strong>oonsiderantiam,</strong></span> <span class='ocrx_word' id='word_1_253' title='bbox 388 2813 436 2895; x_wconf 89' lang='lat' dir='ltr'><strong>vel</strong></span> <span class='ocrx_word' id='word_1_254' title='bbox 446 2815 596 2877; x_wconf 84' lang='lat' dir='ltr'><strong>utGraeee</strong></span> <span class='ocrx_word' id='word_1_255' title='bbox 609 2813 712 2890; x_wconf 82' lang='lat' dir='ltr'><strong>dican,</strong></span> <span class='ocrx_word' id='word_1_256' title='bbox 725 2813 909 2892; x_wconf 66' lang='lat' dir='ltr'><strong>peremptor}</strong></span> <span class='ocrx_word' id='word_1_257' title='bbox 917 2822 946 2874; x_wconf 93' lang='lat' dir='ltr'><strong>et</strong></span> <span class='ocrx_word' id='word_1_258' title='bbox 952 2801 1134 2893; x_wconf 77' lang='grc' dir='ltr'><em>ἆβλεψίαν.</em></span> <span class='ocrx_word' id='word_1_259' title='bbox 1147 2833 1175 2874; x_wconf 82' lang='lat' dir='ltr'><strong>ao</strong></span> 
     </span>
     <span class='ocr_line' id='line_1_32' title="bbox 126 2895 1138 2978; baseline 0.005 -23"><span class='ocrx_word' id='word_1_260' title='bbox 126 2895 232 2955; x_wconf 88' lang='lat' dir='ltr'><strong>Oeaisa</strong></span> <span class='ocrx_word' id='word_1_261' title='bbox 247 2895 415 2976; x_wconf 84' lang='lat' dir='ltr'><strong>Messalina,</strong></span> <span class='ocrx_word' id='word_1_262' title='bbox 433 2899 520 2977; x_wconf 78' lang='lat' dir='ltr'><strong>patilo</strong></span> <span class='ocrx_word' id='word_1_263' title='bbox 539 2907 606 2978; x_wconf 90' lang='lat' dir='ltr'><strong>post</strong></span> <span class='ocrx_word' id='word_1_264' title='bbox 620 2916 703 2978; x_wconf 90' lang='lat' dir='ltr'><strong>quarn</strong></span> <span class='ocrx_word' id='word_1_265' title='bbox 719 2900 747 2958; x_wconf 90' lang='lat' dir='ltr'><strong>iu</strong></span> <span class='ocrx_word' id='word_1_266' title='bbox 764 2898 889 2958; x_wconf 82' lang='lat' dir='ltr'><strong>triclinio</strong></span> <span class='ocrx_word' id='word_1_267' title='bbox 904 2896 1056 2976; x_wconf 81' lang='lat' dir='ltr'><strong>decubuit,</strong></span> <span class='ocrx_word' id='word_1_268' title='bbox 1074 2917 1138 2960; x_wconf 82' lang='lat' dir='ltr'><strong>aar</strong></span> 
     </span>
     <span class='ocr_line' id='line_1_33' title="bbox 125 2979 1139 3064; baseline 0.002 -24"><span class='ocrx_word' id='word_1_269' title='bbox 125 2979 252 3042; x_wconf 82' lang='lat' dir='ltr'><strong>domino</strong></span> <span class='ocrx_word' id='word_1_270' title='bbox 272 3000 334 3042; x_wconf 85' lang='grc' dir='ltr'>ιιοιι</span> <span class='ocrx_word' id='word_1_271' title='bbox 353 2983 472 3046; x_wconf 73' lang='lat' dir='ltr'><strong>aenaea</strong></span> <span class='ocrx_word' id='word_1_272' title='bbox 490 2983 631 3062; x_wconf 87' lang='lat' dir='ltr'><strong>requisiit.</strong></span> <span class='ocrx_word' id='word_1_273' title='bbox 664 2981 771 3044; x_wconf 87' lang='lat' dir='ltr'><strong>llultos</strong></span> <span class='ocrx_word' id='word_1_274' title='bbox 795 3001 832 3042; x_wconf 85' lang='lat' dir='ltr'><strong>ex</strong></span> <span class='ocrx_word' id='word_1_275' title='bbox 850 2983 901 3058; x_wconf 89' lang='lat' dir='ltr'><strong>iis,</strong></span> <span class='ocrx_word' id='word_1_276' title='bbox 933 3001 1008 3061; x_wconf 89' lang='lat' dir='ltr'><strong>qnos</strong></span> <span class='ocrx_word' id='word_1_277' title='bbox 1033 2985 1139 3064; x_wconf 88' lang='lat' dir='ltr'><strong>eapite</strong></span> 
     </span>
     <span class='ocr_line' id='line_1_34' title="bbox 126 3047 1139 3145; baseline 0.003 -21"><span class='ocrx_word' id='word_1_278' title='bbox 126 3063 325 3142; x_wconf 86' lang='lat' dir='ltr'><strong>damnaverat,</strong></span> <span class='ocrx_word' id='word_1_279' title='bbox 348 3075 468 3145; x_wconf 89' lang='lat' dir='ltr'><strong>postero</strong></span> <span class='ocrx_word' id='word_1_280' title='bbox 486 3069 580 3127; x_wconf 88' lang='lat' dir='ltr'><strong>statim</strong></span> <span class='ocrx_word' id='word_1_281' title='bbox 603 3067 648 3126; x_wconf 90' lang='lat' dir='ltr'><strong>die</strong></span> <span class='ocrx_word' id='word_1_282' title='bbox 672 3076 701 3126; x_wconf 89' lang='lat' dir='ltr'><strong>et</strong></span> <span class='ocrx_word' id='word_1_283' title='bbox 722 3069 750 3129; x_wconf 88' lang='lat' dir='ltr'><strong>in</strong></span> <span class='ocrx_word' id='word_1_284' title='bbox 767 3047 917 3126; x_wconf 70' lang='lat' dir='ltr'><strong>eonsilidm</strong></span> <span class='ocrx_word' id='word_1_285' title='bbox 942 3077 972 3128; x_wconf 91' lang='lat' dir='ltr'><strong>et</strong></span> <span class='ocrx_word' id='word_1_286' title='bbox 992 3067 1027 3128; x_wconf 88' lang='lat' dir='ltr'><strong>ad</strong></span> <span class='ocrx_word' id='word_1_287' title='bbox 1043 3067 1139 3128; x_wconf 85' lang='lat' dir='ltr'><strong>aleae</strong></span> 
     </span>
     <span class='ocr_line' id='line_1_35' title="bbox 125 3148 1140 3229; baseline 0.004 -21"><span class='ocrx_word' id='word_1_288' title='bbox 125 3148 218 3208; x_wconf 89' lang='lat' dir='ltr'><strong>lusum</strong></span> <span class='ocrx_word' id='word_1_289' title='bbox 234 3150 382 3210; x_wconf 88' lang='lat' dir='ltr'><strong>admoneri</strong></span> <span class='ocrx_word' id='word_1_290' title='bbox 398 3152 481 3210; x_wconf 88' lang='lat' dir='ltr'><strong>iussit</strong></span> <span class='ocrx_word' id='word_1_291' title='bbox 496 3161 541 3229; x_wconf 89' lang='lat' dir='ltr'><strong>et,</strong></span> <span class='ocrx_word' id='word_1_292' title='bbox 559 3153 640 3229; x_wconf 88' lang='lat' dir='ltr'><strong>quasi</strong></span> <span class='ocrx_word' id='word_1_293' title='bbox 654 3160 851 3228; x_wconf 85' lang='lat' dir='ltr'><strong>morarentur,</strong></span> <span class='ocrx_word' id='word_1_294' title='bbox 869 3159 899 3210; x_wconf 86' lang='lat' dir='ltr'><strong>ut</strong></span> <span class='ocrx_word' id='word_1_295' title='bbox 914 3151 1140 3212; x_wconf 86' lang='lat' dir='ltr'><strong>somnioulosos</strong></span> 
     </span>
     <span class='ocr_line' id='line_1_36' title="bbox 118 3235 1181 3316; baseline 0.008 -24"><span class='ocrx_word' id='word_1_296' title='bbox 118 3251 179 3310; x_wconf 63' lang='lat' dir='ltr'><strong>,per</strong></span> <span class='ocrx_word' id='word_1_297' title='bbox 194 3235 320 3294; x_wconf 90' lang='lat' dir='ltr'><strong>nuntium</strong></span> <span class='ocrx_word' id='word_1_298' title='bbox 338 3235 491 3313; x_wconf 90' lang='lat' dir='ltr'><strong>inorepuit.</strong></span> <span class='ocrx_word' id='word_1_299' title='bbox 513 3235 658 3296; x_wconf 89' lang='lat' dir='ltr'><strong>Duoturus</strong></span> <span class='ocrx_word' id='word_1_300' title='bbox 674 3244 774 3296; x_wconf 87' lang='lat' dir='ltr'><strong>eontra</strong></span> <span class='ocrx_word' id='word_1_301' title='bbox 789 3236 833 3296; x_wconf 87' lang='lat' dir='ltr'><strong>fas</strong></span> <span class='ocrx_word' id='word_1_302' title='bbox 848 3235 1041 3316; x_wconf 80' lang='lat' dir='ltr'><strong>Agrippinam</strong></span> <span class='ocrx_word' id='word_1_303' title='bbox 1057 3253 1181 3300; x_wconf 81' lang='lat' dir='ltr'><strong>uxo-ee</strong></span> 
     </span>
     <span class='ocr_line' id='line_1_37' title="bbox 124 3319 1142 3397; baseline 0.007 -24"><span class='ocrx_word' id='word_1_304' title='bbox 124 3333 198 3392; x_wconf 91' lang='lat' dir='ltr'><strong>rem,</strong></span> <span class='ocrx_word' id='word_1_305' title='bbox 217 3334 275 3376; x_wconf 95' lang='lat' dir='ltr'><strong>non</strong></span> <span class='ocrx_word' id='word_1_306' title='bbox 298 3319 424 3377; x_wconf 82' lang='lat' dir='ltr'><strong>cessavit</strong></span> <span class='ocrx_word' id='word_1_307' title='bbox 445 3320 521 3378; x_wconf 89' lang='lat' dir='ltr'><strong>omni</strong></span> <span class='ocrx_word' id='word_1_308' title='bbox 545 3322 677 3379; x_wconf 88' lang='lat' dir='ltr'><strong>oratioue</strong></span> <span class='ocrx_word' id='word_1_309' title='bbox 696 3319 796 3396; x_wconf 72' lang='lat' dir='ltr'><strong>filiam</strong></span> <span class='ocrx_word' id='word_1_310' title='bbox 815 3326 850 3397; x_wconf 25' lang='lat' dir='ltr'><strong>et·</strong></span> <span class='ocrx_word' id='word_1_311' title='bbox 865 3319 1022 3382; x_wconf 77' lang='lat' dir='ltr'><strong>olumnam</strong></span> <span class='ocrx_word' id='word_1_312' title='bbox 1046 3325 1081 3382; x_wconf 85' lang='lat' dir='ltr'><strong>et</strong></span> <span class='ocrx_word' id='word_1_313' title='bbox 1100 3319 1142 3380; x_wconf 79' lang='lat' dir='ltr'><strong>irs</strong></span> 
     </span>
    </p>
   </div>
   <div class='ocr_carea' id='block_1_3' title="bbox 123 3401 1142 3570">
    <p class='ocr_par' dir='ltr' id='par_1_6' title="bbox 123 3401 1142 3570">
     <span class='ocr_line' id='line_1_38' title="bbox 123 3401 1142 3484; baseline 0.007 -28"><span class='ocrx_word' id='word_1_314' title='bbox 123 3401 239 3474; x_wconf 82' lang='lat' dir='ltr'><strong>premio</strong></span> <span class='ocrx_word' id='word_1_315' title='bbox 255 3419 311 3462; x_wconf 83' lang='lat' dir='ltr'><strong>sao</strong></span> <span class='ocrx_word' id='word_1_316' title='bbox 325 3406 433 3461; x_wconf 83' lang='lat' dir='ltr'><strong>aotam</strong></span> <span class='ocrx_word' id='word_1_317' title='bbox 449 3408 542 3481; x_wconf 81' lang='lat' dir='ltr'><strong>atque</strong></span> <span class='ocrx_word' id='word_1_318' title='bbox 557 3401 721 3464; x_wconf 80' lang='lat' dir='ltr'><strong>educatam</strong></span> <span class='ocrx_word' id='word_1_319' title='bbox 735 3405 917 3484; x_wconf 80' lang='lat' dir='ltr'><strong>praedicare.</strong></span> <span class='ocrx_word' id='word_1_320' title='bbox 954 3403 1142 3465; x_wconf 73' lang='lat' dir='ltr'><strong>&#39;Adsoiturns</strong></span> 
     </span>
     <span class='ocr_line' id='line_1_39' title="bbox 124 3480 1142 3570; baseline 0.012 -33"><span class='ocrx_word' id='word_1_321' title='bbox 124 3480 153 3538; x_wconf 91' lang='lat' dir='ltr'><strong>in</strong></span> <span class='ocrx_word' id='word_1_322' title='bbox 175 3499 279 3542; x_wconf 89' lang='lat' dir='ltr'><strong>nomen</strong></span> <span class='ocrx_word' id='word_1_323' title='bbox 306 3483 472 3564; x_wconf 89' lang='lat' dir='ltr'><strong>Neronem,</strong></span> <span class='ocrx_word' id='word_1_324' title='bbox 503 3487 586 3565; x_wconf 88' lang='lat' dir='ltr'><strong>quasi</strong></span> <span class='ocrx_word' id='word_1_325' title='bbox 613 3504 712 3565; x_wconf 91' lang='lat' dir='ltr'><strong>parum</strong></span> <span class='ocrx_word' id='word_1_326' title='bbox 739 3487 1020 3568; x_wconf 86' lang='lat' dir='ltr'><strong>reprehenderetur,</strong></span> <span class='ocrx_word' id='word_1_327' title='bbox 1049 3488 1142 3570; x_wconf 89' lang='lat' dir='ltr'><strong>quod</strong></span> 
     </span>
    </p>
   </div>
   <div class='ocr_carea' id='block_1_4' title="bbox 0 0 1226 3872">
    <p class='ocr_par' dir='ltr' id='par_1_7' title="bbox 0 0 1226 3872">
     <span class='ocr_line' id='line_1_40' title="bbox 0 0 1226 3872; baseline 0 0"><span class='ocrx_word' id='word_1_328' title='bbox 0 0 1226 3872; x_wconf 95' lang='lat' dir='ltr'><strong> </strong></span> 
     </span>
    </p>
   </div>
  </div>
 </body>
</html>
