2416 3876
488 207 535 252 ns
554 206 784 254 nnuuonmns
1078 197 1137 258 271

132 361 297 436 borninem,
314 359 370 420 sed
383 360 517 421 materia
529 359 637 438 facilis
654 362 687 420 in
706 367 734 421 te
752 369 780 422 et
794 363 825 422 in
840 369 910 423 tn'os
927 362 1011 424 dicte
1027 363 1139 424 dicere.

132 442 174 506 At
191 453 308 524 putente
324 463 441 505 merces
457 445 575 504 rbetori
590 445 744 505 estdcta!
760 444 889 522 Audite,
912 447 1034 522 cudite,
1052 446 1084 506 P.
1104 447 1137 506 0.

134 536 163 589 et
179 529 354 608 copnoscite
376 529 424 588 rei
440 547 473 608 p.
497 529 636 588 vulnera.
674 528 745 590 Duo
770 529 857 590 milio
880 531 1018 610 inpernm
1038 531 1142 608 cunupi

133 613 274 674 Leontini
294 611 368 672 Sec.
387 611 497 673 Clodio
517 613 636 672 rbetorc'
654 613 827 691 nssipncsti
843 620 872 673 et
888 614 1006 694 quidem
1032 615 1137 674 immn-

109 698 202 772 snio,
218 704 251 756 ut
266 703 353 757 tonte
367 696 508 757 mercede
523 696 600 756 nibil
614 714 728 774 supere
750 697 898 758 disceres.

196 779 229 840 G.
251 780 392 840 Albucius
415 781 507 856 Silus,
530 779 733 858 Novaniensis,
763 801 826 841 cum
840 781 987 842 aedilitate
1003 786 1031 841 iu
1046 785 1170 862 patria6

30 915 35 922 .
131 864 316 942 iungeretur,
334 883 397 925 cum
412 865 488 924 sorte
503 867 547 924 ius
563 864 692 940 diceret,
708 865 793 926 abiis
810 876 909 926 eontra
926 883 1000 944 quos
1013 884 1137 944 pronun-

131 949 220 1008 tiabat
237 948 359 1027 pedibus
376 967 392 1007 e
408 949 541 1008 tribunali
560 947 705 1008 detractus
724 958 778 1009 est.
805 951 889 1026 Quod
904 949 1021 1028 indigne
1031 951 1138 1027 ferens,

132 1035 226 1093 statim
243 1033 391 1092 contendit
414 1032 448 1108 ad
465 1041 576 1112 portam
598 1041 627 1092 et
642 1034 708 1092 inde
731 1034 868 1112 Romam,
890 1043 1089 1114 receptusque
1110 1036 1138 1093 in

96 1129 121 1169 1⁰
131 1117 231 1177 Planci
248 1119 372 1177 oratoris
384 1117 614 1193 contubernium,
633 1119 678 1176 cui
694 1117 889 1178 declamatore
902 1136 965 1178 unos
984 1128 1046 1178 erat
1058 1119 1138 1196 prius

1 1196 2 1200 ’
26 1211 28 1214 ⁴
129 1201 255 1280 aliquem
272 1204 400 1278 quiante
417 1201 527 1260 diceret
541 1203 686 1279 excitare,
703 1205 833 1281 suscepit
850 1220 900 1263 eas
917 1211 1031 1282 partes,
1051 1211 1137 1282 atque

129 1288 168 1344 ita
190 1285 321 1362 implevit
343 1293 373 1342 ut
392 1284 500 1345 Planco
524 1284 667 1345 silentium
688 1287 868 1364 imponeret,
892 1305 950 1347 nou
973 1288 1088 1347 audenti
1109 1291 1138 1346 in

130 1371 377 1446 comparationem
394 1387 426 1427 sc
439 1368 598 1428 demittere.
629 1369 687 1428 Sed
701 1389 737 1429 ex
748 1389 783 1430 eo
798 1370 909 1447 clarae,
926 1374 1047 1450 propria
1059 1371 1136 1431 audi·

15 1521 29 1538 ⁵
128 1455 203 1513 toria
225 1453 358 1528 instituit,
376 1452 478 1512 solitus
495 1454 646 1532 proposita
663 1456 864 1514 controversia
877 1454 982 1514 sedens
996 1457 1136 1532 incipere,

1 1531 11 1571 s·
94 1555 118 1594 15
130 1546 159 1596 et
181 1536 279 1596 calore
302 1535 413 1594 demum
436 1546 592 1614 provectus
610 1554 790 1615 consurgere
812 1557 847 1597 ac
861 1557 1018 1617 perorare,
1041 1537 1136 1598 decla·

128 1638 208 1680 mare
232 1628 325 1680 autem
346 1637 456 1698 genere
479 1622 577 1680 vario:
600 1621 686 1681 modo
708 1621 859 1700 splendide
879 1632 965 1700 atque
988 1622 1136 1699 adornate,

128 1715 202 1782 tum,
220 1722 256 1762 ne
272 1722 363 1782 usque
382 1722 495 1784 quaque
509 1703 703 1764 scholasticus
718 1707 948 1782 existimaretur,
966 1708 1137 1766 circumcise
1196 1769 1198 1774 ,

129 1807 164 1849 ac
182 1788 298 1848 sordide
319 1798 347 1848 et
363 1797 470 1847 tantum
485 1805 542 1848 non
560 1788 721 1848 trivialibus
737 1789 845 1862 verbis.
883 1789 954 1866 Egit
978 1799 1007 1848 et
1023 1807 1137 1865 causas,

127 1891 227 1931 verum
245 1874 352 1948 rarius,
370 1871 435 1931 dum
450 1872 652 1951 amplissimam
669 1891 811 1952 quamque
824 1881 967 1950 sectatur,
983 1892 1038 1934 nec
1051 1874 1136 1933 alium

54 1989 68 2007 s
89 1969 117 2010 eo
129 1959 157 2016 in
175 1956 231 2016 ulla
247 1955 342 2015 locum
361 1974 444 2035 quem
465 1956 630 2034 perorandi.
652 1957 771 2017 Postea
793 1959 965 2037 renuntiavit
987 1957 1053 2016 loro
1071 1975 1136 2035 par·

127 2043 177 2100 tim
193 2040 322 2120 pudore,
339 2042 442 2118 partim
452 2049 543 2108 metu:
565 2059 628 2100 nam
645 2059 707 2100 cum
725 2043 752 2100 in
771 2041 821 2100 lite
843 2040 963 2120 quadam
980 2042 1136 2100 centumvi·
1190 2110 1192 2115 ‚

126 2125 198 2202 ruli,
214 2123 398 2201 aduersario,
423 2143 506 2202 quern
526 2133 556 2184 ut
572 2126 686 2204 impium
711 2143 781 2202 erga
801 2134 938 2204 parentes
958 2125 1136 2199 incessebat,
1164 2135 1166 2148 ’

127 2212 171 2269 ius
186 2208 331 2268 iurandum
350 2211 430 2286 quasi
448 2227 500 2287 per
517 2210 636 2286 liguram
653 2211 695 2268 sic
717 2209 885 2288 optulisset:
909 2205 1060 2286 increper
1074 2224 1135 2286 pu·

128 2294 186 2354 tris
213 2291 383 2371 matrisque
410 2293 545 2370 cineres,
573 2291 626 2373 qni
643 2292 793 2355 inconditi
821 2293 944 2354 iacent!
973 2302 1001 2351 et
1027 2291 1081 2352 alia
1109 2295 1137 2351 in
1172 2357 1174 2362 ¹

1 2375 12 2447 j·
89 2387 116 2426 25
127 2377 202 2436 huuc
214 2376 342 2451 modum,
362 2377 517 2456 arripiente
532 2395 567 2436 eo
583 2377 791 2452 conditionem,
809 2395 864 2436 nec
878 2375 1019 2436 iudicibus
1037 2393 1137 2454 asper·

1 2531 3 2548 ἵ
127 2459 277 2538 nantibus,
305 2478 362 2520 uon
383 2461 444 2519 sine
464 2478 568 2538 magna
591 2463 633 2520 sui
654 2461 759 2521 invidia
780 2462 927 2538 negotium
948 2459 1059 2518 allisis
1099 2458 1137 2518 Et
1154 2469 1198 2538 b'?

1 2553 3 2594 t
23 2560 27 2566 ·
89 2587 92 2592 -
112 2563 226 2604 rursus
247 2547 274 2603 in
297 2545 464 2621 cognitione
482 2544 580 2604 caedis
599 2544 755 2606 Mediolani
780 2544 855 2622 apud
870 2543 900 2603 L.
917 2543 1053 2602 Pisonem
1068 2559 1136 2620 pro·
1155 2545 1169 2560 ‘

1 2614 10 2644 ''
129 2628 277 2688 consulem
300 2627 460 2688 defendens
486 2647 581 2704 reum,
607 2647 669 2688 oum
698 2628 868 2688 cohiberent
894 2628 1014 2686 lictores
1037 2627 1137 2686 nimias

128 2712 300 2772 laudantium
322 2729 430 2788 voces,
453 2713 540 2772 etita
561 2711 780 2789 excanduisset,
808 2720 837 2770 ut
857 2711 1009 2790 deplorato
1035 2709 1137 2770 Italiae

89 2813 118 2856 so
130 2804 220 2872 statu,
238 2795 331 2876 qnasi
349 2793 459 2857 iterum
477 2793 509 2857 in
518 2793 654 2874 formem
665 2796 850 2875 prouinciae
866 2794 1076 2874 rediperetnr,
1097 2790 1135 2853 Μ.

128 2881 247 2958 insuper
267 2879 398 2957 Brutum,
427 2881 506 2940 cuius
528 2889 621 2940 statua
645 2882 672 2939 in
696 2889 855 2959 conspectu
878 2887 957 2955 erat,
984 2879 1138 2937 invocaret

128 2965 227 3044 lepnm
239 2982 278 3026 uc
293 2963 445 3025 libertatis
461 2972 618 3024 auctorem
631 2971 659 3025 et
669 2964 836 3040 uindicem,
855 2981 930 3042 pene
949 2979 1060 3041 poenas
1073 2959 1134 3019 luit.

127 3048 187 3108 lam
204 3057 296 3108 autern
312 3050 410 3109 senior
427 3047 465 3108 ob
481 3048 579 3108 vitium
591 3050 722 3108 vomicae
738 3047 893 3108 Novariam
910 3045 1008 3123 rediit,
1028 3061 1135 3104 convo·

130 3141 251 3210 sataque
268 3127 355 3212 plebe
371 3133 483 3206 causis,
505 3140 626 3210 propter
640 3151 710 3212 quas
726 3132 798 3191 mori
823 3132 1012 3208 destinasset,
1038 3128 1083 3188 diu
1102 3145 1135 3186 ac

128 3233 210 3276 more
226 3215 423 3277 concionantis
437 3215 574 3294 redditis,
592 3215 727 3276 abstinuit
743 3215 819 3275 cibo.

518 3384 703 3424 ¹*1l*
