2444 3872
487 237 516 286 c.
535 237 720 288 omenes.
1048 229 1107 294 133

103 409 188 474 quern
220 400 298 452 metu
329 409 506 456 venenorum
539 394 712 473 praemuniri
735 392 951 454 medicamentis
976 396 1106 475 suspica·

102 475 202 537 batur:
225 474 406 540 Antidotum
430 477 521 557 inquit
544 476 698 538 edomuit
721 475 912 540 Gaesarem?
953 479 1108 559 lielegatis

103 559 256 622 sororibus
272 579 336 623 nou
350 559 450 624 solum
462 561 585 623 insutos
598 559 717 622 dobere
729 578 780 640 se,
806 560 864 622 ced
876 561 969 624 edom
980 563 1108 642 alodios
1200 579 1201 582 ’

102 643 272 706 minabatur.
315 644 494 707 Praetorium
515 647 605 706 virum
629 663 667 706 ex
687 663 808 708 secessu
828 644 1002 724 Anticyrae,
1023 666 1108 728 quarn

78 728 267 790 svalitudinis
284 747 371 791 causa
385 730 526 809 petierat,
547 731 706 810 propagari
720 729 776 790 sibi
790 739 978 792 commeatum
990 733 1107 812 saepius

103 811 317 876 desiderantem
344 831 409 874 eum
441 813 608 875 mandasset
633 814 771 892 interimi,
814 814 933 893 adiecit,
960 833 1106 878 necessu·
1203 815 1206 840 ³·

102 897 185 958 mom
201 913 269 958 esse
286 898 449 978 emspuiuis
465 897 656 974 missionem,
683 897 734 959 cni
756 897 887 959 tamdiu
902 915 964 961 noss
974 899 1106 978 prodes·

102 987 151 1042 eet
167 979 343 1043 elleborum.
387 982 508 1043 Decimo
533 997 648 1062 qnoque
669 980 716 1042 die
738 999 884 1042 numerum
901 983 1108 1063 puniendorum

104 1083 143 1126 ex
160 1064 289 1126 custodia
306 1065 512 1143 subscribens,
525 1065 678 1127 rodonem
692 1083 727 1126 ee
738 1082 878 1145 purpure
894 1066 1018 1128 dicebat.
1042 1067 1107 1130 tlal-

69 1150 140 1209 ulis
160 1147 339 1230 Graeciaque
365 1150 475 1229 aliquot
488 1167 545 1211 uno
572 1158 705 1228 tempore
729 1149 938 1228 condemnatis,
960 1150 1107 1229 gloriaba-

2 1297 3 1300 ,
102 1228 443 1314 tur,'Gottops-oeciom
466 1251 502 1294 ee
526 1232 694 1313 eubepieee.
738 1233 804 1294 Non
829 1243 938 1296 temere
958 1235 988 1296 iu
1009 1242 1149 1315 quem-3⁰

2 1319 3 1398 l
103 1334 188 1397 quam
203 1318 257 1378 nisi
279 1317 391 1378 crebris
411 1327 441 1378 et
460 1317 574 1378 minutis
594 1317 700 1378 ictibus
720 1318 907 1379 animadverti
925 1336 1029 1399 passus
1050 1327 1107 1396 est,

2 1413 3 1482 j
103 1410 248 1481 perpetuo
272 1411 402 1481 notoque
426 1403 481 1464 iam
501 1410 678 1481 praecepto:
700 1398 753 1463 lto
764 1400 829 1481 feri
847 1409 881 1464 ut
896 1403 1024 1464 remora·
1036 1420 1105 1465 een-

2 1513 3 1532 *
102 1485 180 1546 tiott
206 1484 309 1547 Punite
337 1504 392 1566 per
415 1503 546 1547 errorem
571 1486 693 1546 nominis
719 1486 778 1546 alio
805 1504 994 1566 quamquem
1019 1486 1107 1550 desti·

67 1577 241 1648 armaverat,
270 1571 364 1649 ipsum
379 1587 494 1650 quoque
517 1571 598 1650 paria
617 1571 757 1630 meruisse
773 1569 853 1630 dixit.
899 1569 1054 1647 Tragicum
1073 1569 1106 1630 il·

102 1652 152 1715 lud
167 1652 289 1733 sufflnde
303 1654 443 1716 iactabat:
651 1676 736 1722 uma·-

2 1743 3 1802 3
418 1742 544 1811 Oderint,
570 1743 635 1800 dum
655 1745 790 1798 metuont!

2 1823 4 1900 t
103 1823 201 1902 Saepe
216 1822 246 1882 in
272 1830 393 1884 cunctos
420 1825 529 1902 pariter
550 1823 716 1900 senatores,
742 1830 775 1881 ut
800 1819 896 1882 Seiani
922 1818 1055 1896 clientis,
1077 1828 1108 1880 ut

2 1919 4 1970 3
102 1907 202 1968 matria
221 1923 255 1974 ac
271 1906 391 1968 fratrum
410 1925 526 1968 suorum
546 1905 709 1983 delatores,
739 1907 872 1966 invectus
897 1911 958 1980 est,
984 1903 1107 1984 prolatis

66 1988 231 2067 aalibellia,
252 2006 326 2069 quos
348 2001 492 2052 crematos
507 1989 707 2067 simulaverat,
728 1989 907 2068 defensaque
922 1986 1021 2048 Tiberi
1043 2004 1106 2049 sae·

5 2097 6 2146 j
102 2075 173 2134 vitia
188 2076 271 2153 quasi
286 2077 468 2152 necessaria,
499 2093 561 2136 cum
583 2083 626 2135 tot
641 2072 855 2134 criminantibus
871 2069 1044 2133 eredendum
1061 2088 1107 2131 es-

103 2167 159 2219 set.
202 2156 376 2238 Equestrem
403 2159 533 2220 ordinem
561 2167 592 2219 ut
620 2174 745 2218 scaenae
766 2156 949 2236 harenaeque
972 2154 1128 2216 devotum.

7 2253 8 2256 ’
102 2241 220 2304 assidue
235 2241 384 2320 proscidit.
428 2242 560 2304 Intensus
582 2240 682 2302 turbae
703 2241 812 2302 tarenti
829 2239 969 2300 adversus
986 2238 1108 2299 studium

103 2344 200 2402 suum,
232 2325 421 2386 exclamavit:
448 2324 572 2388 Utinam
583 2324 617 2386 P.
635 2325 672 2386 n.
687 2342 781 2385 onom
801 2323 950 2385 ceruicem
961 2320 1108 2382 baberet!

67 2428 94 2470 aa
105 2408 236 2487 Cumque
260 2408 403 2470 Tetrinius
426 2410 500 2472 latro
528 2409 741 2490 postularetur,
771 2414 802 2468 et
827 2407 881 2487 qui
901 2405 1108 2484 postularent,

107 2491 263 2554 Tetrinios
291 2512 359 2555 eece
380 2495 429 2556 ait.
472 2493 583 2556 Iletiari
612 2493 728 2553 tunicati
757 2493 882 2570 quinque
903 2505 1022 2550 numero
1041 2503 1107 2566 gre·

103 2579 209 2655 gatint'
219 2575 387 2638 dimicantes
413 2580 475 2638 sine
504 2577 660 2638 certamine
690 2573 750 2635 ullo
780 2573 899 2634 totidem
927 2569 1110 2632 secutoribus

12 2687 14 2705 ν
105 2659 335 2731 succubuerant;
353 2678 417 2724 cum
433 2660 527 2723 occidi
543 2659 728 2735 iuberentur,
749 2676 821 2719 unus
836 2664 982 2735 resumpta
996 2655 1109 2716 fuscina

106 2761 208 2806 omnes
223 2745 354 2805 uictores
377 2746 535 2807 interemit:
566 2742 641 2804 hauc
655 2751 686 2803 ut
700 2741 927 2802 crudelissimam
945 2737 1065 2800 eaedem
1080 2739 1110 2796 e't

68 2827 226 2890 sodetlerit
246 2827 342 2889 edicto
365 2839 395 2890 et
414 2846 484 2906 eos,
514 2830 563 2907 qui
586 2835 723 2905 spectare
745 2825 959 2900 sustinuissent,
988 2837 1109 2883 execra-

103 2922 149 2974 tus
165 2921 221 2974 est.
268 2913 356 2988 Queri
371 2914 457 2974 etiam
477 2912 572 2993 palam
586 2910 623 2971 de
640 2908 804 2978 conditione
819 2917 979 2988 temporum
994 2911 1150 2968 suorumttl

104 2995 238 3073 solebat,
274 2996 352 3076 quod
378 2997 464 3059 nullis
499 2993 708 3056 calamitatibus
739 2992 863 3072 publicis
889 2991 1108 3069 insignirentur3

102 3079 230 3157 Augusti
260 3081 452 3160 principatum
479 3077 563 3139 clade
590 3078 732 3153 Variana,
762 3075 860 3137 Tiberi
889 3077 969 3136 ruina
996 3078 1109 3152 specta-

105 3163 236 3230 culorum
251 3163 327 3242 epud
342 3163 467 3226 Fidenas
483 3161 699 3224 memorabilem
714 3160 836 3237 facturn,
865 3176 918 3220 suo
934 3157 1111 3218 oblivionem

68 3249 255 3309 ecimnrinere
283 3251 480 3328 prosperitate
509 3263 620 3316 rerum;
649 3253 736 3322 atque
756 3243 911 3304 identidem
933 3238 1111 3301 exercituum

105 3331 229 3409 caedes,
252 3329 371 3410 famem,
391 3331 600 3412 pestilentiam,
621 3328 770 3405 incendia,
794 3327 899 3388 hiatum
914 3324 1039 3402 aliquem
1053 3327 1110 3380 ter

102 3433 156 3477 rae
179 3432 197 3475 o
220 3414 309 3476 tabat.
914 3453 917 3459 -

169 3434 304 3559 situum
321 3516 437 3580 quoque
459 3499 614 3560 remittenti
635 3496 761 3575 ludoque
786 3503 814 3555 et
837 3491 931 3572 epulis
945 3488 1042 3551 dedito
1063 3493 1154 3550 εει-39

162 3679 182 3730 'i
199 3651 229 3732 *fl
240 3672 278 3732 ta&
289 3668 373 3724 nbat*
