2444 3872
115 183 177 246 104
197 193 227 241 c.
246 191 397 242 sunrour
413 191 541 252 unaue
556 192 605 239 nn
619 192 703 239 vura
718 190 903 240 cassanum
917 193 987 241 uro.
1002 195 1055 243 111.

113 349 306 430 provinciam,
322 346 407 407 alteri
420 347 635 427 praefecturam
650 345 732 406 urbis
745 347 900 407 confestim
913 347 1025 426 detulit,
1042 349 1128 408 codi-

115 434 191 495 cillis
213 449 330 512 quoque
349 431 573 491 iucundissimos
595 441 624 490 et
643 430 767 491 omnium
779 429 916 491 horarum
931 433 1041 492 amicos
1054 449 1128 510 pro·

112 521 220 582 lessus.
252 517 349 577 Sestio
364 514 467 593 Gallo,
492 514 648 576 libidinoso
672 531 708 574 ac
735 513 862 594 prodigo
889 517 967 592 seui,
996 514 1064 580 olim
1088 515 1127 576 ab

111 604 246 680 Augusto
267 601 425 678 ignominia
445 608 546 659 notato
567 609 596 659 et
613 618 629 659 a
644 617 677 658 se
692 608 759 659 aute
776 617 888 678 paucos
903 600 967 660 dies
984 599 1061 679 apud
1076 619 1125 660 se·

110 696 207 748 natum
221 685 375 763 increpito,
392 701 510 766 omnam
522 701 557 743 ea
570 683 639 760 lege
654 683 793 759 condixit,
809 700 846 743 ne
861 683 929 762 quid
944 702 982 743 ex
997 701 1151 746 consue-s

111 771 208 831 tudine
230 771 392 829 immutaret
408 777 456 828 aut
470 766 615 843 demeret,
637 776 727 846 utque
741 766 826 827 nudis
840 768 946 845 puellis
961 769 1125 829 ministram
1164 810 1168 820 ·

110 855 187 934 tibus
199 861 380 935 capuan-etur.
396 851 611 929 lguotissimum
620 858 794 929 quaesturae
808 850 988 912 candidatum
1001 852 1125 913 nobilis·

111 941 190 1000 simis
210 938 376 1017 anteposuit
392 935 430 996 ob
448 945 563 1016 epotam
578 939 608 994 m
625 936 775 1011 condrio,
801 935 974 1016 propinante
990 954 1040 1014 se,
1063 937 1125 996 vini

111 1023 289 1101 amphoram.
334 1019 450 1081 Asellio
476 1021 585 1080 Sabino
612 1021 749 1080 sestertia
775 1019 899 1080 ducenta
923 1020 1041 1080 donavit
1067 1039 1124 1102 pro

38 1107 250 1183 ..aetdialogffi
274 1105 304 1163 iu
326 1121 384 1182 quo
399 1103 492 1164 boleti
505 1113 534 1163 et
546 1104 688 1164 ficedulae
704 1113 733 1164 et
750 1113 868 1165 ostreae
884 1113 913 1164 et
933 1102 1008 1165 turdi
1028 1113 1122 1166 certa·
1133 1121 1161 1162 ro

111 1185 177 1250 men
191 1189 353 1249 induxerat.
383 1187 498 1248 Novum
513 1188 636 1267 denique
652 1188 779 1247 cilicium
794 1189 915 1249 instituit
934 1207 950 1248 a
966 1186 1122 1268 voluptati·

65 1287 104 1341 43
112 1275 180 1349 bus,
194 1273 365 1353 praeposito
383 1273 478 1351 equite
495 1273 531 1333 tt.
545 1271 578 1332 Τ.
598 1271 743 1332 Caesonio
758 1271 872 1332 Prisco.
905 1273 1033 1333 Secessu
1049 1289 1122 1334 vero

62 1355 64 1360 ’
113 1357 274 1436 Capreensi
295 1357 380 1416 etiam
402 1355 520 1417 sellaria
540 1357 737 1434 excogitavit,
759 1355 859 1417 sedem
873 1373 1043 1417 arcanarum
1057 1355 1122 1417 libi·

112 1443 222 1516 dinam,
244 1441 273 1499 in
289 1457 374 1519 quam
388 1439 513 1520 undique
527 1442 699 1520 conquisiti,
715 1441 876 1521 puellarum
890 1449 920 1500 et
937 1440 1122 1502 exoletorum

112 1543 224 1604 greges
244 1527 459 1603 monstrosique
481 1525 652 1586 concubitus
673 1534 858 1604 repertores,
888 1542 962 1605 quos
984 1525 1122 1604 spintrias
1133 1540 1161 1579 re

111 1607 296 1691 appellabat,
318 1609 426 1687 triplici
441 1611 517 1670 serie
535 1611 655 1686 conexi,
679 1610 707 1669 iu
722 1611 816 1668 vicem
828 1610 1006 1670 incestarent
1023 1626 1122 1671 coram

111 1697 195 1776 ipso,
211 1701 241 1752 ut
256 1703 377 1773 aspectu
390 1693 551 1754 deficientis
568 1693 703 1755 libidines
716 1694 870 1754 excitaret.
900 1691 1041 1754 Cubicula
1058 1693 1122 1772 pln-

110 1779 239 1839 riiariam
261 1777 404 1856 disposita
420 1776 537 1838 tabellis
553 1796 588 1838 ao
603 1777 708 1856 sigillis
725 1777 979 1838 lasciuissimarum
995 1779 1121 1857 pictura-

110 1881 173 1924 rum
192 1871 223 1922 et
245 1863 400 1939 figurarum
418 1861 570 1923 adornavit
590 1861 730 1940 librisque
750 1851 953 1941 Elephantidis
975 1862 1120 1938 instruxit,

15 1947 17 2012 Ϊ
110 1966 147 2007 ne
164 1949 209 2007 cui
221 1949 250 2006 in
266 1965 357 2025 opera
373 1944 484 2006 edenda
498 1946 649 2025 exemplar
663 1947 822 2024 imperatae
838 1944 975 2006 schemae
991 1946 1119 2012 deesset.
1129 1958 1160 2000 so

110 2031 143 2090 ln
164 2031 247 2090 silvis
269 2047 386 2109 quoque
410 2049 445 2089 ac
469 2030 634 2090 nemoribus
654 2031 762 2110 passim
778 2030 923 2090 Venerios
941 2030 1025 2090 locos
1042 2046 1120 2089 oom-

15 2137 17 2144 ·
111 2123 223 2174 mentus
239 2123 299 2190 est,
319 2115 534 2192 prostantisque
550 2132 604 2192 per
617 2123 697 2174 antra
712 2123 741 2174 et
758 2132 844 2182 cavas
858 2131 948 2193 rupes
964 2131 1002 2173 ex
1016 2115 1119 2174 utrius·
1205 2127 1206 2142 ³

15 2209 17 2278 t
111 2215 168 2277 que
199 2213 288 2255 sexus
313 2198 389 2276 pube
415 2196 602 2258 Paniscorum
626 2207 655 2258 et
676 2197 872 2276 Nympharum
897 2197 1012 2274 habitu,
1044 2215 1119 2276 quae

15 2289 17 2328 t
111 2280 207 2360 palam
221 2279 317 2340 iamet
331 2279 438 2357 vulgo,
455 2283 570 2340 nomine
581 2282 693 2342 insulae
708 2281 876 2360 abutentes,
896 2279 1120 2359 Caprineum

111 2363 288 2424 dictitabant.
1128 2383 1154 2424 2⁵

65 2449 110 2505 44-
172 2448 283 2510 Maiore
298 2447 391 2509 adhuc
407 2465 442 2510 ae
456 2450 587 2528 turpiore
603 2450 718 2512 infamia
733 2451 884 2529 lla'gravit,
905 2451 956 2510 vir
969 2459 1000 2508 ut
1013 2449 1120 2509 reterri

110 2533 259 2610 audirive,
279 2533 383 2593 nedum
408 2533 487 2593 credi
509 2533 553 2594 las
575 2535 627 2610 sit,
651 2536 733 2614 quasi
755 2553 865 2613 pueros
887 2535 997 2616 primae
1012 2535 1119 2610 teneri·

110 2617 231 2693 tudinis,
254 2635 326 2696 quos
351 2617 511 2696 pisciculos
529 2616 671 2696 vocabat,
693 2620 872 2696 institueret,
894 2627 925 2678 ut
939 2619 1048 2678 nutanti
1063 2617 1118 2676 sibi

111 2701 186 2759 inter
200 2700 306 2761 femina
320 2711 507 2762 versarentur
520 2721 557 2763 ac
571 2701 712 2779 luderent,
725 2703 824 2781 lingua
837 2719 994 2781 morsuque
1011 2701 1118 2761 sensim

111 2781 296 2862 adpetentes;
318 2793 410 2868 'atque
437 2788 523 2847 etiam
550 2787 632 2866 quasi
658 2787 783 2848 infantes
806 2788 968 2862 firmiores,
996 2785 1154 2845 necdumao

110 2875 206 2926 tamen
224 2866 300 2926 lacte
319 2867 476 2948 depulsos,
499 2872 608 2948 inguini
625 2889 678 2930 ceu
694 2871 822 2951 papillae
841 2871 1027 2940 admoveret;
1049 2885 1116 2949 pro-

15 2987 16 2990 =
111 2953 175 3009 nior
197 2967 267 3010 sane
291 2951 327 3010 ad
349 2951 377 3010 id
398 2970 492 3030 genus
511 2954 637 3014 libidinis
661 2965 690 3015 et
712 2964 812 3016 natura
833 2964 862 3015 et
883 2962 988 3015 aetate.
1020 2953 1118 3028 Quare

110 3033 225 3094 Parrasi
242 3052 357 3114 quoque
373 3037 513 3112 tabulam,
530 3040 558 3098 in
576 3057 631 3118 qua
645 3039 797 3117 hleleagro
813 3039 949 3100 Atalanta
962 3054 1015 3097 ore
1030 3039 1117 3098 mori·

15 3165 16 3170 ,
111 3126 245 3196 geratur,
262 3118 389 3196 legatam
403 3120 458 3180 sibi
473 3122 525 3181 sub
542 3122 726 3201 conditione,
747 3132 777 3184 ut
795 3126 820 3183 si
836 3130 1007 3201 argumento
1025 3115 1128 3183 ollem·

111 3202 228 3263 deretur
239 3202 340 3264 decies
352 3221 406 3283 pro
420 3223 454 3265 ea
467 3209 796 3286 sestertiumaeciperet,
805 3225 863 3268 non
872 3206 959 3267 modo
970 3205 1115 3286 praetulit,
1121 3226 1150 3278 oe

15 3341 17 3370 ,
111 3285 171 3346 sed.
191 3295 220 3348 et
240 3289 269 3348 in
292 3286 427 3349 cubiculo
454 3289 607 3350 dedicavit.
624 3290 744 3351 lentur
767 3295 853 3352 etiam
873 3293 902 3351 in
923 3286 1116 3351 sacrificando

15 3389 16 3412 i
112 3370 254 3448 quondam
272 3381 374 3452 captus
390 3373 466 3434 faeie
482 3374 602 3433 ministri
620 3393 749 3436 acerram
767 3375 961 3454 praeferentis
979 3373 1115 3454 nequisse

15 3483 16 3520 3
110 3451 273 3534 abstinere,
293 3459 360 3536 quin
377 3475 470 3536 paene
486 3456 602 3516 vixdum
619 3476 652 3518 re
665 3459 760 3519 divina
772 3467 893 3538 peracta
903 3457 1010 3520 ibidem
1023 3458 1115 3519 statim
