2412 3876
436 247 541 296 nrvns
559 248 749 299 sonneras.
1051 235 1091 298 43

82 406 186 466 sortiri
206 403 254 463 vel
271 405 378 464 micare
394 404 527 480 iussisse,
544 411 573 462 ut
589 404 719 465 alterutri
734 406 958 482 concederetur,
976 421 1009 464 aa
1025 421 1092 483 spe·

1 560 2 576 ,
83 499 185 550 ctasse
207 497 357 567 utrunque
375 489 562 565 morientem,
585 507 648 548 cunr
673 498 773 568 patre,
797 492 863 570 quia
882 507 915 549 se
935 487 1091 568 optulerat,
1199 485 1203 494 '

1 597 2 662 p
83 574 189 635 occiso
209 571 282 632 lilius
300 588 416 652 quoque
435 572 624 632 voluntariam
644 573 832 634 occubuisset
853 591 965 634 necem.
995 573 1092 648 Quare

1 673 2 704 ³
84 660 200 734 ceteri,
214 659 242 714 in
257 657 301 718 bis
316 656 354 716 ll.
368 655 513 734 Favonius
526 657 577 717 ille
593 656 713 718 Catonis
726 658 870 736 aemulus,
887 676 952 717 cum
967 657 1093 718 catenati

63 740 337 822 aproducerentur,
354 743 529 820 imperatore
544 741 671 801 Antonio
687 742 848 804 honorilice
865 742 1004 819 salutato,
1018 740 1093 801 bunc

1 865 2 905 ,
82 825 256 887 foedissimo
273 825 400 885 convitio
416 841 514 885 coram
529 826 742 905 prosciderunt.
1083 857 1116 918 ,g

1 977 2 980 Ἴ
150 909 267 970 Partitis
290 918 358 988 post
380 911 532 969 victoriam
553 911 675 987 ciliciis,
702 929 766 971 oum
787 911 930 971 Antonius
945 909 1095 972 Orientem

85 993 295 1070 ordinandum,
312 995 378 1072 ipse
392 1003 549 1054 veteranos
564 996 594 1054 in
607 994 719 1055 ltaliam
732 994 916 1056 reducendos
932 1004 962 1055 et
977 995 1095 1054 munici-

85 1078 205 1160 palibus
234 1078 313 1154 agris
341 1077 539 1138 conlocandos
561 1081 744 1157 recepisset,
771 1097 866 1160 neque
889 1088 1096 1140 veteranorum

47 1179 186 1243 sonsque
209 1179 413 1241 possessorum
436 1165 558 1240 gratiam
577 1165 683 1240 tenuit,
707 1163 806 1224 alteris
827 1163 899 1241 pelli
922 1183 972 1242 se,
994 1159 1100 1224 alteris*

85 1267 147 1309 non
169 1263 223 1327 pro
247 1264 300 1326 spe
320 1248 489 1306 meritorum
512 1249 629 1307 tractari
645 1247 844 1328 querentibus.
881 1248 946 1323 Quo
963 1256 1096 1327 temporo
1104 1245 1139 1300 14

85 1334 120 1394 lr.
138 1331 294 1391 Antonium
310 1329 415 1391 liducia
433 1331 616 1408 consulatus,
633 1350 718 1412 quem
736 1331 876 1410 gerebat,
894 1351 929 1393 ac
947 1332 1095 1392 fraternae

87 1417 239 1498 potentiae
255 1433 304 1474 res
318 1432 410 1475 novas
425 1415 591 1476 molientem
606 1417 768 1496 confugere
788 1416 937 1478 Perusiam
951 1419 1051 1495 coegit
1066 1424 1096 1475 et

88 1501 127 1562 ad
147 1499 322 1560 deditionem
344 1497 420 1560 fame
442 1501 595 1578 compulit,
623 1510 794 1561 nontamen
816 1503 878 1560 sine
902 1503 1014 1579 magnis
1036 1501 1095 1560 suis

50 1607 76 1648 15
89 1595 121 1646 et
137 1592 204 1644 ante
226 1581 334 1643 bellum
354 1593 384 1643 et
403 1585 431 1643 in
451 1583 531 1644 bello
547 1583 770 1646 discriminibus.
806 1583 879 1644 Nam
895 1603 958 1644 curn
981 1591 1095 1663 specta·

89 1669 160 1730 culo
175 1666 306 1728 ludorum
323 1670 491 1745 gregarium
509 1668 629 1730 militem
650 1672 680 1728 in
703 1668 931 1748 quattuordecim
949 1667 1096 1729 ordinibus
1162 1679 1168 1691 ·

89 1753 244 1814 sedentem
267 1752 389 1812 excitari
411 1771 465 1832 per
481 1755 677 1832 apparitorem
690 1755 841 1830 iussisset,
862 1770 979 1835 rumore
994 1751 1029 1812 ab
1045 1748 1096 1810 ob·
1157 1762 1162 1788 ⁸

88 1834 404 1899 trectatoribusdilato
418 1841 499 1916 quasi
516 1837 638 1898 eundem
652 1855 721 1897 mor
734 1845 763 1897 et
778 1837 980 1897 discruciatum
994 1853 1097 1894 necas·

90 1931 156 1998 set,
182 1921 325 1980 minimum
353 1920 439 1998 aluit,
469 1924 536 2001 quin
559 1925 671 2002 periret
691 1939 834 1982 concursu
850 1930 880 1981 et
899 1920 1097 1998 indignatione

50 2028 79 2070 ro
91 2004 198 2068 turbae
213 2004 354 2065 militaris.
386 2005 477 2065 Saluti
492 2007 561 2082 luit,
578 2006 655 2087 quod
669 2008 717 2086 qui
735 2005 955 2066 desiderabatur
975 2022 1007 2064 re
1031 2011 1097 2063 ente

90 2090 257 2169 comparuit
271 2090 423 2148 incolumis
438 2109 471 2150 ac
488 2093 551 2150 sine
566 2092 677 2150 iniuria.
712 2089 799 2150 Circa
820 2089 989 2151 Perusinum
1004 2086 1037 2148 au
1070 2103 1098 2144 nn

20 2206 21 2209 ¹
89 2192 203 2236 murum
216 2174 384 2234 sacrificans
397 2192 494 2253 paene
506 2176 686 2254 interceptus
703 2183 748 2235 est
763 2193 779 2234 a
795 2192 878 2235 manu
893 2173 1097 2252 gladiatorum,

90 2278 168 2340 quae
185 2257 294 2337 oppido
311 2268 457 2338 eruperat.
485 2257 605 2319 Perusia
621 2260 749 2338 captain
765 2259 904 2338 plurimos
917 2256 1096 2318 animadver·
1106 2256 1140 2309 15

92 2347 145 2421 tit,
160 2360 247 2404 orare
262 2344 375 2402 veniam
390 2342 439 2402 vel
454 2361 596 2404 excusare
611 2361 643 2404 se
657 2342 827 2404 conantibus
838 2360 894 2403 una
908 2361 983 2402 voce
996 2358 1098 2402 occur·

55 2448 80 2490 ,5
92 2447 180 2504 rens,
202 2425 394 2487 moriendum
414 2445 492 2488 esse.
527 2427 662 2488 Scribant
678 2426 806 2506 quidam,
831 2435 980 2487 trecentos
996 2444 1034 2484 ex
1049 2424 1098 2482 de-

93 2513 202 2574 diticiis
217 2511 330 2572 electos
345 2514 493 2592 utriusque
505 2512 613 2572 ordinis
627 2512 663 2572 ad
680 2531 758 2572 aram
766 2511 842 2571 Divo
850 2510 923 2571 lulio
939 2516 1099 2569 extructam

91 2596 193 2658 Idibus
207 2595 318 2656 llartiis
333 2596 491 2674 hostiarum
505 2615 586 2658 more
600 2603 751 2656 mactatos.
789 2595 955 2655 Extiterunt
979 2593 1026 2672 qui
1042 2599 1098 2650 tra-

1 2653 3 2712 *
94 2683 217 2758 derent,
240 2690 384 2760 conpecto
400 2699 465 2741 eum
479 2681 514 2742 ad
535 2699 613 2741 arma
628 2682 704 2758 isse,
727 2689 757 2740 ut
773 2679 881 2740 occulti
895 2676 1054 2738 adversarii
1070 2683 1101 2734 ct
1154 2755 1161 2766 ι

95 2783 170 2844 quos
185 2765 279 2824 metus
292 2767 384 2841 magis
401 2783 485 2844 quarn
499 2764 633 2826 volontas
644 2765 823 2841 contineret,
839 2763 978 2824 facultate
992 2760 1023 2822 L.
1040 2759 1116 2840 rin-t,

56 2867 85 2910 ao
97 2849 158 2909 toni
174 2847 256 2908 ducis
276 2849 420 2927 praebita,
441 2849 649 2927 detegerentur
663 2847 845 2928 devictisque
868 2848 937 2907 isat
959 2845 1116 2906 confisca-'

94 2935 148 3010 tis,
164 2934 308 3012 promissa
323 2937 467 2994 veteranis
482 2935 610 3012 praemia
625 2932 874 3012 persolverentur.
1170 2934 1173 2940 '

1 3077 3 3088 ,
48 3047 50 3051 ·
85 3035 87 3040 ·
160 3016 411 3076 Siculumbellunr
431 3018 580 3097 inchoavit
596 3019 755 3097 inprimis,
775 3015 828 3076 sed
844 3017 891 3076 diu
907 3015 994 3076 traxit
1012 3015 1143 3077 inter-16

1 3111 6 3168 ξ
95 3103 366 3180 missumsaepius,
386 3102 471 3163 modo
490 3101 716 3181 reparandarum
737 3100 874 3160 classium
895 3117 998 3176 cansa,
1029 3113 1100 3176 quas

1 3177 3 3222 ³
95 3184 319 3270 tempestatibus
334 3186 440 3265 duplici
456 3187 608 3264 naufragio
623 3193 651 3250 et
674 3185 788 3266 quidem
809 3204 864 3265 per
879 3192 1017 3245 aestatem
1034 3180 1099 3239 arni·
1143 3258 1147 3268 .‚

60 3287 87 3330 as
96 3269 296 3358 serat34'modo
310 3288 385 3349 pace
396 3271 488 3348 iacta,
501 3271 649 3348 flagitante
662 3271 771 3349 populo
787 3269 824 3329 ob
837 3268 1010 3331 interclusos
1023 3281 1099 3324 oom-

89 3351 387 3433 meamet-famemque
402 3357 670 3433 ingravescentem
686 3355 781 3415 donec
795 3353 917 3414 navibus
933 3370 970 3412 cx
984 3353 1099 3424 integro

12 3505 14 3509 ,
97 3430 249 3499 fabricatis
264 3457 298 3499 ac
310 3441 412 3516 viginti
427 3457 578 3500 servorum
588 3438 888 3499 milibusmanumissis
903 3445 932 3496 et
946 3435 981 3495 ad
993 3449 1101 3492 remum

98 3523 185 3602 datis,
201 3531 316 3603 portum
328 3522 429 3584 lulium
442 3524 517 3604 apud
529 3523 625 3602 baias,
640 3525 758 3584 inmisso
771 3524 799 3581 irr
807 3519 958 3580 Lucrinum
971 3516 1101 3580 etAver-
