2412 3876
397 215 509 264 ornus
529 213 719 264 nnonsnus.
1025 212 1066 272 45

48 381 118 448 cta,
143 373 215 432 utin
228 388 302 432 nave
326 371 420 429 victor
439 371 665 450 pernoctaverit.
698 369 745 432 Ab
760 373 849 433 Actro
869 391 933 433 cum
951 375 1065 440 Samum

48 458 80 516 iu
96 454 224 518 hiberna
240 474 272 517 se
289 455 471 534 recepisset,
495 454 625 516 turbatus
640 456 746 515 nuntiis
761 455 798 518 da
819 457 961 518 seditione
977 477 1064 540 prae·

49 543 112 600 mia
129 549 162 611 et
177 541 342 600 missionem
358 540 555 618 poscentium,
580 557 654 618 quos
675 543 804 601 exomni
823 559 943 603 numero
964 546 1064 606 coule-

49 635 102 686 cta
128 627 254 686 victoria
272 622 451 684 Brundisium
468 625 674 702 praemiserat,
692 627 818 705 repetita
832 624 931 704 ltalia,
954 637 1064 710 tempe·

1 731 2 734 ¹
28 717 133 769 astate
155 711 186 769 in
207 711 330 770 traiectu
352 707 397 768 bis
426 707 606 770 condictatus
633 710 743 788 (primo
765 712 841 770 inter
866 715 1064 790 promontoria

1 825 3 874 p
50 793 258 872 Peloponnesi
272 799 358 872 'atque
371 791 523 870 Aetoliae,
546 811 646 852 rursus
669 796 747 856 circa
762 804 876 855 montes
892 793 1062 875 Ceraunios,

1 887 2 897 ¹
51 877 213 957 utrubique
234 885 319 956 parte
341 875 546 937 liburnicarum
569 876 717 954 demersa,
746 879 829 940 simul
849 881 927 958 eius,
958 882 986 940 in
1007 900 1065 962 qua

51 960 239 1038 vehebatur,
262 962 334 1021 lusis
358 960 541 1022 armamentis
561 969 591 1021 et
611 960 811 1040 gubernaculo
835 962 984 1043 diffracto)
1007 984 1063 1026 uec

1 1073 2 1076 ¹
54 1046 183 1126 amplius
200 1063 284 1126 mam
296 1055 410 1124 septem
428 1054 458 1105 et
472 1047 574 1123 viginti
590 1044 660 1124 dies,
677 1045 771 1108 donec
786 1046 930 1109 desideria
945 1049 1063 1110 militum

20 1130 279 1207 reordinarentur,
301 1128 444 1190 Brundisii
470 1138 679 1208 commoratus,
710 1131 800 1192 Asiae
821 1132 982 1213 Syriaeque
1005 1135 1061 1194 cir·

53 1207 134 1275 cultu
151 1214 320 1295 Aegyptum
336 1215 410 1293 petit
423 1213 603 1294 obsessaque
619 1214 822 1294 Alexandrea,
846 1234 902 1295 quo
918 1217 1062 1278 Antonius

53 1317 121 1360 cum
139 1297 300 1379 Cleopatra
320 1297 510 1376 confugerat,
530 1298 613 1359 brevi
635 1303 744 1378 potitus
760 1309 819 1360 cst.
852 1300 891 1361 Et
905 1301 1062 1362 Antonium

1 1383 2 1460 l
53 1384 190 1464 quidem,
210 1401 292 1444 seras
308 1382 490 1443 conditiones
503 1385 585 1463 pacis
599 1392 796 1463 temptantem,
813 1384 848 1444 ad
863 1395 983 1446 mortem
995 1387 1061 1446 ade-

53 1469 98 1547 git
117 1467 247 1549 viditque
261 1476 411 1528 mortuum.
447 1463 641 1548 Cleopatrae,
658 1485 742 1548 quam
757 1477 902 1529 servatam
916 1469 1061 1550 triumpho

22 1569 239 1632 rumagnopere
262 1551 415 1632 cupiebat,
444 1553 530 1612 etiam
551 1552 665 1632 psyllos
688 1551 828 1630 admovit,
851 1556 899 1632 qui
918 1573 1062 1614 venenum

55 1656 90 1698 ac
112 1639 193 1696 virus
215 1644 394 1722 equgerent,
422 1635 499 1716 quod
520 1639 635 1716 perisse
656 1653 754 1696 morsu
770 1636 880 1716 aspidis
897 1638 1060 1717 putabatur.

54 1719 208 1783 Ambobus
225 1738 403 1780 communem
420 1720 587 1798 sepulturae
608 1720 748 1781 bonorem
762 1720 860 1781 tribuit
875 1739 909 1781 ac
925 1723 1061 1782 tumulum

55 1805 91 1868 ab
113 1805 188 1884 ipsis
210 1805 373 1866 inchoatum
394 1805 497 1884 perlici
512 1806 603 1865 iussit.
640 1805 798 1877 Antonium
808 1807 957 1884 iuvenem,
974 1808 1060 1867 maio·

54 1909 117 1951 reru
132 1889 169 1950 de
194 1888 305 1950 duobus
326 1887 428 1949 Fuluia
443 1891 565 1966 genitis,
588 1889 742 1949 simulacro
756 1889 824 1949 Diri
845 1881 914 1968 luli',
933 1890 969 1950 ad
984 1890 1061 1970 quod

21 1999 47 2042 ro
57 1983 125 2055 post
143 1974 247 2035 multas
263 1983 292 2034 et
307 1975 403 2034 irritas
417 1991 525 2052 preces
540 1973 722 2051 confugerat,
739 1972 889 2054 abreptum
904 1975 1059 2035 interemit.

1 2085 2 2092 ¹
55 2060 128 2120 ltem
151 2057 373 2136 Caesarionem,
398 2075 483 2137 quem
499 2075 537 2118 en
553 2056 683 2119 Caesare
705 2056 863 2137 Cleopatra
885 2061 1060 2138 concepisse

1 2101 3 2186 l
56 2141 261 2224 praedicabat,
285 2151 443 2204 retractum
466 2160 482 2202 e
505 2142 576 2220 luga
594 2142 738 2223 supplicio
762 2141 878 2202 adiecit.
918 2143 1060 2224 Reliquos

54 2229 175 2289 Antonii
194 2229 374 2306 reginaeque
388 2243 554 2287 communes
574 2226 685 2286 liberos
699 2245 757 2287 non
772 2244 858 2288 secus
875 2245 910 2288 ac
931 2230 1059 2288 necessi·

56 2311 153 2374 tudine
170 2313 282 2372 iunctos
291 2311 347 2371 sibi
361 2320 392 2371 ct
405 2313 591 2371 conservavit
607 2320 635 2371 et
649 2328 779 2390 moxpro
792 2311 958 2372 conditione
966 2315 1058 2372 cuius·

22 2415 112 2478 suque
130 2396 262 2456 sustinuit
278 2414 312 2456 ac
331 2396 415 2456 fovit.
443 2393 499 2455 Per
515 2395 590 2456 idem
611 2405 724 2476 tempus
743 2395 934 2456 conditorium
950 2404 980 2455 et
995 2413 1058 2455 cor·
1069 2404 1102 2459 18

56 2501 109 2562 pus
124 2480 223 2558 llagni
238 2480 415 2556 Alexandri,
447 2498 511 2540 cunr
527 2480 670 2559 prolatum
687 2498 704 2540 e
724 2479 868 2560 penetrali
886 2478 1060 2540 subiecisset

56 2565 164 2642 oculis,
181 2583 292 2625 corona
310 2583 397 2626 aurea
415 2565 550 2643 imposita
568 2583 602 2625 ac
618 2562 738 2624 floribus
758 2565 887 2642 aspersis
902 2571 1059 2622 veneratus

57 2658 117 2728 est,
142 2649 364 2729 consultusque,
386 2666 451 2708 num
473 2656 502 2707 et
514 2647 711 2709 Ptolemaeum
726 2649 874 2726 inspicere
889 2646 993 2725 vellet,
1008 2665 1057 2706 re·
1076 2653 1091 2740 p

56 2753 121 2815 pem
135 2751 169 2796 sc
183 2733 320 2794 coluisse
333 2736 372 2794 ait
385 2732 502 2810 cistae,
518 2750 580 2794 raon
593 2739 742 2794 mortoos.
768 2732 936 2812 Aegyptum
950 2733 979 2791 in
991 2749 1057 2810 pro·
1072 2748 1081 2798 t

25 2839 50 2883 oo
60 2819 173 2882 vinciae
190 2819 313 2878 formam
328 2817 475 2878 redactam
490 2827 519 2876 ut
535 2817 710 2878 feraciorem
727 2816 957 2896 habilioremque
971 2833 1058 2876 auno·

57 2921 111 2964 nae
125 2901 245 2964 urbicae
260 2902 411 2979 redderet,
430 2901 526 2962 fossas
542 2904 651 2979 curuis,
667 2903 696 2960 in
711 2920 782 2980 quas
798 2900 882 2962 Nilus
898 2907 1058 2977 exaestuat,

57 2987 208 3058 oblimatas
237 2987 327 3065 longa
345 2995 490 3046 uetustate
513 2986 627 3046 militari
648 3003 741 3065 opere
763 2985 895 3046 detersit.
935 2985 1059 3065 Quoque

55 3071 197 3142 Actiacae
211 3072 353 3134 uictoriae
370 3072 509 3132 memoria
528 3070 705 3131 celebratior
720 3080 749 3130 et
763 3072 790 3131 iu
805 3079 954 3149 posterum
967 3078 1057 3144 esset,

56 3147 336 3236 urbemvlllcopolim
357 3155 431 3234 apud
453 3155 568 3215 Actium
588 3154 714 3215 condidit
734 3153 876 3233 ludosque
895 3153 956 3214 illic
978 3154 1057 3232 quin·

24 3263 48 3307 m
59 3239 216 3323 quennales
240 3241 388 3301 coustituit
407 3249 437 3300 et
451 3239 586 3318 ampliato
604 3247 706 3300 vetere
721 3238 868 3319 Apollinis
890 3237 1000 3317 templo
1014 3235 1057 3296 lo

57 3323 325 3402 curu'castrorum,
356 3324 458 3405 quibus
485 3325 580 3384 lucrat
602 3341 685 3402 usus,
717 3329 886 3384 exornatum
907 3320 1058 3382 navalibus

58 3412 157 3493 spoliis
172 3405 309 3490 Neptuno
326 3428 360 3470 ac
375 3410 460 3470 llarti
476 3409 669 3469 consecravit.

118 3496 266 3558 Tumultus
283 3494 407 3574 postbac
426 3503 455 3554 et
469 3511 565 3554 rerum
580 3511 719 3555 novarum
738 3492 816 3552 initia
833 3489 1100 3554 coniurationes-19
