2408 3870
433 263 639 312 sannnnmo.
860 227 1009 317 xxxam

68 423 210 492 debatur,
228 428 342 480 secutus
358 439 417 478 sum
436 439 459 484 e.
477 439 520 494 gr.
537 424 566 477 in
588 423 745 481 scribendis
763 423 878 482 Graecia
897 442 982 484 voca-

67 507 144 563 bulis
162 506 266 562 litteris
282 509 328 563 vel
347 507 461 563 Graecis
479 507 524 562 vel
540 502 695 579 uariant).

130 591 231 646 Restat
256 596 286 645 ιιι
311 589 498 647 adnotationis
527 588 642 646 criticae
671 591 806 648 rationem
834 609 980 666 exponam.
1003 604 1125 649 Αιιιιοιιιιο

68 673 207 731 Brevitati
225 679 255 729 nt
270 675 462 743 consulerem,
481 689 574 729 earnm
589 679 691 730 tantum
713 675 862 732 lectionum
886 683 983 734 aucto·
1021 655 1104 700 ‘'¹²¹“

68 757 172 814 ritates
188 759 325 830 apposui,
349 774 421 829 quae
442 758 487 813 vel
505 774 550 822 ex,
562 757 642 813 libris
663 760 800 814 correctis
817 760 863 814 vel
880 776 915 816 ex
930 761 982 817 do-

70 847 181 898 ctorum
198 842 339 897 hominum
354 841 516 898 coniectura
536 846 668 913 receptae
684 849 754 898 sunt.
801 843 880 900 Sciat
894 843 982 915 igitur

68 926 164 982 lector
180 925 277 980 harum
291 941 382 981 rerum
399 925 557 994 studiosus,
581 925 628 980 uhi
643 925 711 980 nihil
729 927 886 983 adnotatum
903 928 983 984 inve-

69 1009 163 1080 nerit,
183 1007 373 1066 llemmiannm
399 1009 507 1065 aliosve
523 1014 635 1065 veteres
657 1025 690 1065 ac
707 1009 797 1066 bonos
820 1011 909 1067 libros
931 1027 982 1068 ao·
1008 1027 1015 1086 ι,

69 1094 182 1151 hiscam
200 1092 374 1158 consentire;
395 1093 441 1149 uhi
463 1092 483 1147 ii
500 1092 596 1148 vitiosi
621 1109 685 1149 esse
701 1109 734 1149 ac
751 1094 913 1151 necessario
932 1095 982 1150 de-

71 1177 189 1233 serendi
197 1177 372 1246 videbantur,
380 1175 539 1232 nominatim
551 1175 698 1233 ailerrivel
711 1176 838 1233 codicum
848 1194 922 1234 saec.
932 1177 984 1235 XV

71 1262 117 1317 vel
141 1261 315 1331 grammatici
337 1260 455 1317 alicuius
479 1259 646 1332 posterioris
668 1260 897 1318 emendationem.
941 1261 982 1319 lta

72 1347 190 1401 brevem
203 1346 339 1416 quendam
352 1344 500 1400 universae
515 1343 557 1399 rei
570 1343 686 1400 criticae
701 1351 880 1416 conspectum
895 1347 983 1402 halte-

72 1428 114 1484 lait
131 1434 162 1484 et
178 1445 233 1506 non
248 1429 337 1486 minus
351 1429 387 1483 de
401 1428 536 1484 librarum
551 1427 675 1484 bonitate
691 1429 822 1499 quamde
839 1429 984 1486 doctorum

72 1513 218 1568 hominum
233 1529 285 1584 per
299 1517 429 1583 quattuor
447 1513 507 1567 lere
523 1513 635 1569 saecula
652 1512 759 1568 meritis
779 1511 904 1568 iudicare
920 1519 984 1586 pot-

74 1596 137 1652 erit.
184 1595 228 1651 Ab
250 1597 302 1651 hec
322 1601 411 1651 tamen
435 1595 637 1651 consuetudine
659 1612 859 1668 nonnumquam
875 1597 902 1653 in
919 1613 985 1669 par-

74 1685 129 1746 tem
148 1685 178 1734 ut
193 1695 277 1750 spero
291 1679 430 1752 potiorem
444 1679 582 1748 discessi,
603 1679 642 1735 ita
657 1686 687 1735 ut
703 1684 731 1735 et
744 1681 879 1736 bonorum
896 1681 984 1736 libro-

75 1781 134 1819 rum
153 1779 234 1835 quam
249 1769 361 1820 secutus
379 1780 453 1820 eram
471 1762 664 1819 auctoritatem
686 1764 854 1834 appellarem
873 1769 900 1818 et
917 1778 985 1818 con-

74 1847 211 1903 iecturam
228 1847 368 1918 ingeniosi
387 1847 478 1903 critici
495 1862 550 1902 non
566 1846 634 1901 satis
650 1852 755 1902 certam
776 1862 828 1902 nec
843 1852 985 1918 receptam

75 1946 332 1987 commemorarem.

104 2039 107 2052 ι
137 2021 168 2086 4,
190 2021 221 2076 17
244 2014 436 2087 triumphalem
459 2014 548 2070 Valle.
568 2013 672 2069 llemm.
697 2014 792 2074 neda
815 2030 866 2086 pro
888 2017 985 2071 triam·

71 2101 186 2174 plantem
200 2102 297 2170 mam,
313 2100 363 2154 cir.
385 2104 453 2168 187,
467 2105 491 2157 9.
511 2104 572 2168 238,
589 2103 615 2157 6.
637 2103 705 2168 248,
721 2103 738 2156 4
757 2091 761 2176 Ι
780 2103 816 2158 23
831 2099 987 2172 depactione

76 2185 195 2242 Ursinus
210 2174 224 2260 ΙΙ
239 2189 271 2251 5,
287 2189 305 2242 4
324 2189 350 2238 et
363 2185 392 2238 in
409 2180 589 2240 Uasaulronus
610 2197 661 2252 pro
678 2183 727 2238 sed
743 2185 771 2238 in
786 2175 799 2263 ΙΙ
815 2188 846 2254 6,
868 2189 901 2244 16
921 2184 986 2240 Am-

27 2331 29 2338 ,
78 2270 180 2326 dronae
201 2265 415 2340 Oudendorpius
437 2257 451 2344 ΙΙ
470 2271 547 2335 8,5
580 2265 815 2347 administratione
838 2267 984 2324 codliasil.
1032 2275 1086 2330 ,iv

78 2353 146 2410 Edd.
177 2350 212 2406 ab
239 2351 474 2406 administratione
498 2345 793 2408 onocentaurus.
814 2357 840 2408 2.
871 2351 974 2408 Bernl

80 2451 129 2510 pro
164 2436 201 2490 cb
231 2436 428 2490 ministratione
468 2433 473 2504 Ι
509 2438 542 2491 19
580 2432 663 2489 Vettio
701 2434 799 2490 Iudice
830 2433 986 2504 Lambinus„

80 2521 195 2578 Ursinus
225 2509 231 2596 Ι
260 2525 295 2580 32
319 2523 488 2575 ornarentur
507 2515 652 2573 Lambinus
676 2533 727 2589 pro
753 2517 951 2572 ordinarentur
973 2507 986 2594 ΙΙ

81 2613 129 2675 10,
145 2611 162 2665 3
176 2604 216 2658 ad
233 2604 327 2674 cipimi
341 2595 522 2658 Gasanhonus
538 2615 590 2672 pro
613 2616 648 2656 ao
663 2602 756 2673 cipinti
772 2595 777 2678 Ι
797 2606 830 2661 15
850 2601 988 2656 inductam

82 2688 266 2760 qnmdnmpr.
276 2685 389 2744 tinelli·
403 2683 684 2754 induaitstephanus.
700 2685 810 2741 induxit
821 2681 933 2740 Vettium
936 2702 987 2756 pr.

82 2759 206 2830 Ursinus.
229 2770 397 2826 sabamasse
410 2771 549 2824 inductam
562 2783 608 2837 pr.
625 2767 847 2841 Oudendorpius.
872 2769 988 2824 indicem

83 2856 240 2912 subornauit
258 2853 372 2910 Vettium
392 2853 531 2908 inductam
553 2867 600 2923 pr.
620 2869 673 2924 ego
693 2844 698 2930 Ι
718 2859 753 2913 30
768 2854 853 2908 eminis
868 2882 911 2894 -
930 2853 986 2908 idc-

84 3059 148 3108 bent.
173 3050 315 3105 Addendus
328 3061 365 3103 est
376 3052 544 3116 Haascppoiis
556 3048 642 3098 Thrax
654 3045 795 3114 p.102‚30
808 3060 883 3112 quem
894 3045 988 3096 librarii

85 3129 109 3176 in
121 3125 309 3190 Tiraseypolim
320 3129 493 3188 corruperunt.
521 3119 644 3169 Varronis
660 3117 682 3166 is
699 3131 754 3166 mos
770 3115 817 3166 init
835 3115 909 3165 etiam
924 3115 987 3165 alies
1019 3134 1023 3142 ·

86 3195 244 3256 observatus,
262 3192 309 3242 cin.
332 3190 457 3241 Cornutus
472 3204 498 3254 p.
517 3187 585 3238 2285
602 3187 631 3235 P.
647 3185 792 3237 Priscianus
810 3184 833 3248 l,
850 3183 875 3246 5,
895 3183 937 3232 25.

151 3259 198 3326 26)
209 3260 251 3311 Sic
264 3261 324 3311 dedi
332 3259 473 3324 parentinae
476 3274 488 3314 ,·
504 3255 696 3319 Apragopolim·
716 3255 850 3311 disiectam
860 3253 943 3302 arnas
954 3277 988 3286 -

85 3334 236 3389 ioloeleros,·
251 3327 433 3394 Tyrrhenicum
445 3325 675 3380 Carchedoniaeom
689 3321 892 3378 Hecatebeletes;
906 3319 988 3368 Halo-

85 3405 122 3452 sin
141 3401 195 3455 ]ir'ir
212 3405 325 3455 catasta·
343 3399 484 3461 clinopalen
501 3402 526 3444 et
542 3393 642 3444 similia.
682 3390 735 3440 Hac
751 3404 850 3454 quoque
868 3390 895 3438 in
910 3403 939 3436 re
955 3386 989 3436 ad

86 3477 196 3520 vetustos
211 3466 290 3518 libros
305 3465 463 3516 redeundum
473 3463 597 3522 existimo,
610 3475 669 3510 nam
680 3459 747 3525 apud
758 3466 866 3517 veteres,
878 3464 905 3505 ut
919 3455 988 3520 apud

86 3534 342 3589 noslnimmiscendis
352 3533 480 3585 vocabulis
488 3530 598 3590 Gallicis,
610 3525 987 3579 aliialiterfacereconsuerent.
