2438 3872
125 183 186 244 228
210 193 241 242 c.
255 193 407 243 suuuoru
419 195 546 253 nanno.
560 195 608 242 nu
624 195 706 242 vrrs
720 194 904 242 cassanum
918 196 987 243 um.
1002 197 1077 244 vni.

143 309 173 388 ’ᾧ
184 348 270 428 Apud
281 348 416 409 Iudaeam
429 347 554 410 Carmeli
567 350 614 410 dei
628 350 776 410 oraculum
788 349 987 409 consulentem
998 351 1037 408 ita
1052 366 1122 410 con·

124 436 276 494 firmavere
293 442 406 510 sortes,
430 441 461 492 ut
483 433 619 512 quidquid
639 435 784 512 cogitaret
802 433 994 511 uolueretque
1011 434 1122 511 animo,

125 516 281 598 quamlibet
297 534 448 594 magnum,
470 516 499 576 id
524 535 591 577 esse
611 526 817 596 proventurum
841 517 1064 594 pollicerentur;
1092 525 1123 578 et

124 620 196 661 unus
211 619 250 660 ex
263 600 412 660 nobilibus
430 602 551 680 captiyis
571 601 712 679 loscpus,
735 618 798 660 cum
823 603 989 660 coiceretur
1009 601 1038 660 in
1058 603 1122 660 vin·

125 685 200 762 calu,
218 686 451 745 constantissime
467 687 647 745 asseveravit
661 684 727 745 iore
742 693 773 743 ut
792 682 829 744 ab
846 684 950 745 eodem
965 683 1048 744 brevi
1061 684 1147 748 sol-s

123 778 258 845 veretur,
282 787 382 827 verum
405 771 459 828 iam
482 769 667 847 imperatore.
701 767 911 828 Nuntiabantur
933 778 962 828 et
986 787 1023 828 ex
1048 769 1123 828 urbe

124 852 290 933 praesagia,
304 851 451 912 Neronem
466 851 569 912 diebus
584 851 688 912 ultimis
703 854 838 912 monitum
856 870 910 931 per
926 855 1067 931 quietem,
1092 861 1124 911 ut

123 945 236 997 tensam
249 935 329 996 lovis
341 934 447 1014 Optimi
461 936 577 997 Maximi
593 955 609 995 e
630 937 760 996 sacrario
775 937 804 995 iu
819 935 932 996 donnum
944 937 1122 1014 Vespasiani

110 1030 151 1080 et
166 1019 232 1080 inde
245 1021 273 1079 in
289 1021 396 1080 circum
410 1021 582 1090 deduceret;
606 1039 641 1080 ac
656 1038 715 1080 nou
731 1019 820 1080 multo
836 1028 919 1098 post,
937 1021 1050 1080 comitia
1072 1031 1121 1078 se-

122 1104 207 1164 cundi
227 1103 391 1164 consulatus
407 1107 523 1164 ineunte
539 1102 644 1181 Galba,
661 1113 782 1164 statuam
797 1103 864 1162 Divi
883 1102 937 1164 Iuli
957 1104 994 1164 ad
1016 1103 1120 1164 Orien·
1131 1125 1158 1166 ro

120 1198 178 1249 tem
191 1196 296 1266 sponte
308 1204 494 1258 conversam:
511 1189 632 1267 acieque
643 1187 833 1263 Betriacensi,
849 1188 930 1266 prius
941 1205 1026 1266 quam
1039 1206 1120 1249 com-

120 1272 292 1346 mitteretur,
309 1270 380 1330 duas
395 1272 508 1350 aquilas
524 1273 553 1331 iu
565 1281 725 1351 conspeetu
738 1272 861 1331 omnium
878 1271 1058 1348 condixisse,
1075 1273 1120 1330 vi-

122 1364 227 1433 ctaque
242 1353 334 1414 altera
349 1357 556 1434 supervenisse
571 1357 684 1416 tertiam
697 1354 733 1416 ab
751 1355 823 1415 solis
839 1363 942 1415 exortu
963 1373 998 1415 ac
1021 1357 1120 1415 victri-

2 1483 5 1488 ‚
94 1447 184 1500 dcem
200 1437 453 1516 abegisse.vNec
470 1439 566 1499 tamen
581 1440 734 1518 quicquam
752 1447 817 1499 ante
835 1440 1002 1517 temptavit,
1020 1455 1119 1518 prom-

88 1541 95 1606 p
121 1523 258 1604 piissimis
275 1531 360 1602 atque
376 1525 461 1582 etiam
478 1522 650 1584 instantibus
663 1524 738 1600 suis,
757 1540 841 1602 quam
857 1522 1029 1582 sollicitatus
1045 1539 1119 1601 quo·
1131 1544 1158 1584 rs
1215 1535 1216 1542 ’

84 1611 93 1674 ,³
120 1607 239 1667 rundam
257 1615 285 1665 et
299 1608 466 1683 ignotorum
485 1616 514 1666 et
528 1606 687 1666 absentium
702 1607 823 1668 fortuito
838 1606 950 1666 lavore.

182 1689 323 1752 Moesiaci
339 1692 485 1750 exercitus
501 1689 566 1750 bina
584 1709 600 1749 e
617 1690 709 1751 tribus
728 1689 893 1767 legionibus
916 1689 1008 1766 milia,
1029 1691 1120 1750 missa

122 1774 229 1836 auxilio
245 1773 360 1852 Othoni,
377 1784 531 1854 postquam
545 1775 689 1851 ingressis
705 1777 760 1834 iter
771 1775 927 1834 nuntiatum
940 1782 995 1849 est,
1010 1775 1129 1858 victum,

121 1877 185 1919 eum
200 1877 236 1919 ac
251 1860 307 1918 vim
321 1859 398 1918 vitae
416 1876 486 1918 suae
503 1857 651 1935 attulisse,
672 1857 761 1917 nihilo
778 1858 867 1917 setius
880 1857 1047 1936 Aquileiam
1070 1876 1118 1917 us-

121 1962 177 2022 que
202 1951 486 2022 perseveraverunt,
516 1943 605 2021 quasi·
617 1942 724 2002 rumori
746 1941 837 2000 minus
860 1940 1023 2000 crederent.
1072 1940 1158 2000 lbiao

120 2045 174 2105 per
190 2027 376 2086 occasionem
390 2043 425 2086 ac
436 2026 581 2086 licentiam
593 2027 669 2085 omui
684 2027 846 2103 rapinarum
857 2041 969 2102 genere
979 2027 1119 2102 grassati,

121 2127 186 2170 curn
200 2110 333 2169 timerent
356 2127 392 2169 ne
413 2109 468 2169 sihi
492 2111 622 2170 reversis
644 2107 792 2170 reddenda
813 2111 886 2169 ratio
911 2126 947 2169 ac
968 2107 1120 2169 subeunda

120 2210 216 2273 poena
231 2201 327 2268 esset,
344 2193 495 2252 consilium
510 2193 633 2253 inierunt
648 2192 775 2271 eligendi
796 2190 972 2270 creandique
994 2192 1119 2272 impera-

120 2277 206 2343 toris:
231 2278 422 2355 nequeenim
443 2277 606 2337 deteriores
627 2295 694 2337 esse
716 2285 763 2336 aut
776 2275 962 2354 Hispaniensi
985 2275 1119 2335 exercitu

120 2362 168 2439 qui
183 2358 314 2438 Galbam,
331 2369 379 2421 aut
395 2361 581 2440 praetoriano
600 2363 648 2440 qui
664 2360 815 2438 Othonem,
834 2368 882 2420 aut
895 2359 1117 2421 Germaniciano
1127 2380 1155 2420 2⁵

120 2445 168 2525 qui
184 2444 334 2506 Vitellium
348 2445 498 2504 iecissent.
535 2445 697 2523 Propositis
713 2447 810 2524 itaque
826 2442 988 2504 nominibus
1003 2443 1118 2520 legato·

118 2524 180 2589 rum
200 2529 404 2605 consularium,
421 2537 492 2608 quot
506 2528 612 2607 ubique
628 2538 696 2589 tunc
713 2538 806 2605 eraut,
824 2546 887 2588 eum
903 2537 1019 2588 ceteros
1029 2527 1119 2587 alium

119 2613 175 2674 alia
189 2613 226 2674 de
243 2631 330 2674 causa
345 2612 559 2692 improbarent,
579 2621 607 2672 et
622 2612 765 2692 quidaine
782 2612 900 2689 legione
917 2612 1017 2689 tertia,
1041 2628 1118 2690 quae

119 2697 172 2757 sub
189 2699 268 2759 exitu
281 2694 409 2756 Neronis
423 2697 560 2758 translata
579 2714 617 2756 ex
632 2696 716 2772 Syria
731 2697 760 2756 in
774 2695 914 2757 Moesiam
928 2695 1040 2771 fuerat,
1056 2696 1117 2756 Ve-

119 2783 284 2859 spasianum
302 2780 433 2841 laudibus
449 2781 570 2858 ferrent,
587 2799 743 2841 assensere
761 2780 856 2841 cuncti
870 2797 1034 2858 nomenque
1051 2780 1114 2838 eius
1126 2799 1153 2840 ao

118 2864 234 2925 vexillis
255 2864 385 2926 omuibus
407 2865 470 2925 sino
492 2882 572 2926 mora
594 2865 813 2944 inscripserunt.
851 2863 888 2924 lit
910 2872 977 2924 tuuc
999 2863 1116 2942 quidem

119 2964 350 3026 compressores
365 2951 420 3027 est,
438 2951 586 3010 revocatis
602 2948 637 3009 ad
652 2949 779 3010 cilicium
800 2949 926 3008 numeris
947 2963 1115 3026 parumper.

119 3030 254 3092 Ceterum
269 3031 523 3110 divulgatoiacto,
540 3032 674 3094 Tiberius
692 3030 861 3094 Alexander
875 3031 1043 3111 praelectus
1055 3031 1114 3090 he-

117 3116 200 3195 gypti
218 3116 326 3195 primus
340 3118 369 3175 iu
385 3116 477 3176 verba
488 3117 664 3196 Vespasiani
678 3117 813 3195 legiones
827 3115 926 3193 adogit
937 3113 983 3175 Ml.
997 3113 1050 3175 lul.
1065 3116 1115 3192 qui
1215 3135 1216 3142 ¹

118 3201 295 3280 principatus
315 3198 377 3260 dies
394 3201 584 3280 inposterum
597 3199 770 3262 observatus
782 3207 836 3260 est.
860 3198 994 3260 Iudaicus
1007 3197 1115 3258 deinde
1125 3211 1151 3254 aa

117 3285 264 3344 exercitus
279 3285 316 3345 V.
332 3282 400 3344 ldus
412 3283 465 3343 lul.
483 3284 560 3363 apud
575 3285 668 3364 ipsum
683 3285 796 3346 iuravit.

182 3366 335 3427 Plurimum
351 3369 465 3447 coeptis
482 3368 664 3428 contulerunt
679 3371 812 3429 iactatum
834 3367 984 3446 exemplar
1005 3363 1114 3444 epistu-

116 3449 162 3507 lae
177 3468 265 3512 verae
280 3452 342 3509 sive
358 3450 449 3512 ialsae
470 3449 597 3510 defuncti
615 3450 736 3512 Othonis
757 3457 792 3513 ad
812 3451 1041 3534 Vespasianum,
1063 3466 1114 3508 ex·
