2438 3872
63 139 123 200 260
311 147 811 208 c.suarou1usunsuqurunus
888 221 890 226 Ι

63 289 156 348 unius
179 289 340 367 corporis,
363 287 437 368 quia
458 289 628 367 scriptores
652 307 692 350 oc
708 294 822 366 poetas
844 284 901 347 sub
924 285 1071 347 clientela

63 371 227 434 Musarum
242 372 413 450 iudicaret,
436 391 498 436 nou
524 372 662 434 absurde
680 371 835 450 olfecisse
857 378 885 431 et
898 372 1072 450 scripsisse
1159 432 1162 440 ,
1213 389 1215 410 ·

63 474 98 516 se
113 459 153 516 ait
169 475 209 518 eor
230 475 356 518 rouruero
375 457 518 517 divarum
538 465 568 518 et
586 457 806 535 appellationes.
847 455 936 515 Huius
955 471 1068 533 cogno·

63 559 129 600 men
142 544 171 600 in
187 541 338 619 plerisque
351 540 492 602 indicibus
503 550 533 600 et
546 541 635 601 titulis
653 559 706 620 per
718 559 801 602 unam
815 540 837 600 h
853 540 976 600 litteram
993 541 1068 599 scri·

65 634 145 703 ptum
160 625 374 702 animadverto,
396 643 494 686 verum
517 627 581 703 ipse
598 624 626 684 id
642 643 695 704 per
711 625 781 684 duas
798 624 883 684 eliert
898 626 925 682 in
942 625 1066 703 parasti·
1083 643 1098 682 5

65 709 150 769 chide
167 709 276 785 libelli,
294 713 342 787 qui
358 709 524 772 inscribitur
541 707 658 788 pinax.
732 771 733 776 ,
800 763 803 768 ,

36 811 52 865 7
130 793 168 857 Μ.
187 793 329 854 Antonius
346 793 476 872 Gnipho,
492 796 634 872 ingenuus
650 795 678 854 in
698 792 789 854 Gallia
805 801 887 853 natus
904 792 956 852 sed
973 795 1065 870 expo·

65 879 154 954 situs,
187 897 202 936 a
227 879 368 938 nutritore
401 894 452 937 suo
478 879 667 938 manumissus
690 879 891 954 institutusque
923 876 1067 954 (Alexan-

65 961 146 1021 driae
162 960 293 1040 quidem,
310 970 341 1021 ut
355 961 443 1040 aliqui
456 961 584 1038 tradunt,
605 963 634 1021 iu
648 960 838 1022 contubernio
854 960 976 1035 Dionysi
994 961 1066 1034 scy-

64 1044 278 1114 tohraehionis;
306 1045 384 1124 quod
411 1045 544 1124 equidem
570 1064 628 1106 non
652 1055 764 1106 terruere.
788 1044 975 1120 crediderim,
1002 1061 1066 1103 oum
1081 1061 1110 1100 ro

65 1140 226 1207 temporum
246 1132 320 1190 ratio
341 1132 390 1189 vix
413 1129 570 1208 congruat)
592 1131 683 1190 luisse
707 1130 810 1190 dicitur
830 1131 937 1206 ingenii
959 1129 1067 1205 magni,
1138 1177 1142 1181 .
1201 1125 1204 1136 ’

66 1215 223 1275 memoriae
240 1213 414 1290 singularis,
430 1232 486 1273 nec
501 1216 592 1274 minus
605 1214 717 1275 Graece
731 1232 815 1292 quarn
830 1213 928 1274 Latine
946 1213 1065 1280 doetus;
1124 1219 1127 1223 '

69 1306 221 1378 praeterea
240 1299 314 1357 comi
330 1297 467 1376 facilique
484 1307 600 1376 natura,
618 1316 812 1376 necunquam
827 1297 863 1358 de
882 1295 1067 1357 mercedibus

67 1391 179 1461 paetus,
194 1398 288 1459 eoque
302 1381 384 1460 plura
394 1400 432 1451 err
443 1381 615 1443 liberalitate
628 1382 797 1442 discentium
809 1391 992 1442 consecutus.
1007 1379 1065 1441 llo·

68 1469 126 1526 cuit
141 1466 262 1543 primum
282 1467 310 1525 in
326 1465 391 1526 Divi
406 1464 470 1525 Iulii
485 1465 570 1526 domo
586 1467 683 1545 pueri,
705 1465 809 1526 deinde
825 1468 853 1525 in
871 1472 921 1526 s'ua
943 1469 1066 1544 privata.
1080 1483 1107 1522 rs

66 1549 171 1609 Docuit
184 1559 277 1610 auteur
291 1559 320 1608 et
332 1549 516 1626 rhetoricam,
526 1552 564 1612 ita
575 1559 606 1610 ut
618 1549 745 1630 quotidie
756 1559 918 1629 praecepta
927 1551 1065 1628 eloquen-

65 1637 123 1694 tiae
136 1632 279 1710 traderet,
296 1633 471 1694 declamaret
483 1651 554 1694 vero
569 1637 680 1694 nonnisi
692 1633 833 1694 nundinis.
857 1633 993 1694 Scholam
1005 1635 1067 1692 eius

67 1717 167 1778 claros
178 1735 295 1796 quoque
311 1721 391 1778 viros
407 1719 610 1797 frequentasse
626 1721 719 1795 aiunt,
737 1721 766 1778 in
777 1721 813 1778 iis
827 1717 865 1778 bl.
881 1716 1066 1794 Ciceronem,

67 1803 152 1862 etiam
169 1821 232 1861 cum
251 1811 385 1882 praetura
401 1802 579 1879 iungeretur.
609 1805 732 1882 Scripsit
749 1803 854 1879 multa,
872 1803 1002 1880 quamvis
1018 1820 1066 1861 arr·

67 1905 132 1946 uum
166 1889 267 1947 aetatis
295 1888 560 1965 quinquagesimum
584 1905 642 1947 nou
667 1888 839 1948 excesserit.
879 1886 943 1946 Etsi
963 1885 1066 1946 Ateius
1077 1906 1106 1946 eo
1214 1931 1215 1934 ,

66 1969 238 2046 Philologus
254 1971 310 2030 duo
323 1979 429 2063 tantum
442 1971 586 2032 volumina
607 1971 649 2030 de
663 1970 795 2032 Latino
815 1988 983 2031 sermone
999 1970 1068 2029 reli·
1113 2017 1122 2024 ,
1213 1987 1215 2010 ⁴

68 2055 167 2153 quisse
182 2071 245 2114 eum
261 2053 361 2122 tradit;
379 2073 442 2115 nam
456 2065 554 2116 cetera
565 2058 673 2134 scripta
689 2055 896 2156 discipulorum
912 2057 974 2115 eius
990 2073 1068 2126 esse,

66 2155 124 2198 non
138 2139 244 2214 ipsius;
258 2138 401 2216 inquibus
415 2147 535 2199 etenum
550 2139 656 2200 alicubi
670 2143 794 2217 reperiri
807 2157 927 2216 nomen,
940 2149 970 2199 ut
981 2139 1038 2198 hoc
1052 2140 1068 2176 *

39 2239 56 2292 3
128 2221 166 2282 Μ.
192 2221 351 2299 Pompilius
376 2222 577 2301 Andronicus,
601 2227 717 2284 natione
735 2227 848 2300 Syrus,
875 2224 969 2284 studio
996 2223 1067 2301 Epi-

68 2323 174 2367 cureae
187 2315 287 2366 sectae
299 2306 473 2368 desidiosior
492 2311 521 2367 in
535 2309 720 2387 professione
738 2310 923 2386 grammatica
940 2307 1106 2368 habeba-rs

65 2401 111 2450 tur
127 2393 280 2468 minusque
294 2390 415 2451 idoneus
428 2391 464 2450 ad
478 2391 610 2453 tuendam
626 2393 764 2454 scholam.
794 2391 894 2472 ltaque
911 2411 974 2453 eum
991 2411 1023 2452 se
1039 2392 1069 2450 in

65 2475 137 2535 urbe
153 2492 210 2536 non
227 2475 319 2535 solum
334 2474 462 2536 Antonio
478 2475 633 2555 Gniphoni‚
652 2475 704 2538 sed
719 2480 825 2538 ceteris
844 2478 928 2538 etiam
943 2475 1067 2536 deterio-

65 2559 145 2620 ribus
162 2562 301 2638 postponi
316 2559 445 2638 videret,
471 2559 575 2622 cumas
591 2563 702 2622 transiit
717 2561 838 2641 ibique
830 2581 858 2622 ur
876 2564 936 2622 otio
953 2563 1024 2620 vixit
1038 2569 1068 2619 et

65 2643 152 2703 multa
168 2645 347 2742 composuit;
363 2663 463 2704 verunt
478 2645 575 2705 adeo
567 2663 653 2724 inops
669 2654 756 2724 atque
772 2664 878 2725 egens,
902 2656 932 2706 ut
948 2653 1068 2706 coactus

66 2731 102 2786 sit
132 2729 320 2808 praecipuum
344 2728 415 2789 illud
440 2729 609 2810 opuseulum
638 2748 719 2789 suum
749 2731 928 2791 annalium
959 2718 1103 2790 Euniiso

65 2810 308 2873 elenchorum
323 2811 401 2874 XVI.
418 2813 532 2874 milibus
547 2833 687 2874 nummum
704 2814 813 2874 cuidam
830 2815 957 2874 vendere
966 2832 1066 2893 ,quos

65 2895 163 2956 libros
180 2895 307 2957 Orbilius
329 2911 506 2977 suppressos
528 2899 686 2961 redemisse
703 2917 736 2960 se
754 2899 824 2959 dicit
844 2896 1066 3010 uulgandosque

68 2999 187 3040 curasse
202 2983 318 3041 nomine
334 2985 468 3042 auctoris.

37 3079 53 3132 9
128 3064 159 3125 h.
181 3064 307 3125 Orbilius
323 3065 452 3147 Pupillus
468 3066 703 3146 Beneventanus,
722 3076 815 3128 morte
831 3076 995 3147 pareutum,
1011 3083 1065 3126 una

4 3164 6 3183 ¹
66 3159 153 3234 atque
174 3149 274 3211 eadem
291 3149 337 3210 die
353 3152 530 3212 inimieorum
545 3151 613 3212 dolo
626 3154 881 3232 interemptorum,
902 3152 1064 3229 destitutus,
1073 3169 1098 3211 ss

67 3234 160 3311 primo
177 3237 371 3313 apparituram
388 3236 602 3314 magistratibus
616 3237 702 3307 lecit;
726 3235 831 3297 deinde
847 3237 876 3297 in
896 3235 1064 3298 Macedonia

67 3317 235 3394 corniculo,
252 3335 319 3378 mox
335 3336 410 3396 equo
425 3322 528 3379 meruit
537 3328 546 3390 ;’
560 3320 732 3398 iunctusque
745 3321 859 3397 militia,
876 3321 967 3382 studia
979 3337 1063 3398 repe-

4 3461 5 3468 ,
66 3401 118 3474 tit,
144 3416 219 3481 qnae
236 3403 289 3460 iam
304 3401 370 3461 inde
391 3421 407 3462 a
426 3421 518 3481 puero
535 3420 593 3463 uon
608 3403 711 3465 leviter
728 3407 877 3483 attigerat;
899 3424 933 3466 ae
950 3404 1064 3486 proles-
