2416 3876
120 197 182 261 298
393 209 423 257 c.
447 207 610 257 sennenn
634 205 848 265 ununoumnr

120 365 211 428 tribus
235 364 389 428 carminum
409 362 491 424 libris
512 381 549 422 ex
570 362 659 440 longo
680 359 835 420 intervallo
851 369 982 460 quartum
999 359 1129 426 addere,

120 462 188 530 post
209 451 365 512 Sermones
385 463 457 507 vero
476 446 616 526 quosdam
636 445 732 506 lectos
752 440 884 504 nullam
883 446 928 504 sui
950 445 1128 504 mentionem

120 533 247 596 habitam
262 535 301 592 ita
319 533 356 592 sit
374 540 508 611 questus:
530 528 636 592 Irasci
649 547 697 590 me
717 528 773 589 tibi
787 529 883 605 scito,
907 528 992 608 quod
1012 546 1078 588 non
1098 529 1131 588 in

119 619 276 698 plerisque
290 617 356 678 eius
375 615 459 677 morli
472 615 601 692 scriptis
615 631 732 676 mecum
749 613 943 693 potissimum
963 612 1132 691 loquaris,-

121 721 162 764 au
177 702 296 763 cereris
308 719 347 762 ne
362 699 450 779 apud
459 705 606 777 posteros
620 697 736 777 infame
750 696 806 758 tibi
820 697 877 774 sit,
893 695 978 776 quod
986 695 1134 757 videaris
1147 717 1162 755 s

117 787 290 888 [umidioris
301 783 393 846 nobis
408 785 498 846 esse?
533 781 747 862 Expressitque
763 780 906 857 Eulogarn
923 781 959 842 ad
974 799 1026 857 se,
1046 783 1132 840 cuius

119 872 303 932 initiumest:
399 881 402 885 ’

274 957 340 1015 Cum
360 963 397 1013 tot
409 959 546 1013 sustineus
560 963 585 1011 et
600 959 676 1011 tanta
689 957 796 1028 neqolia
811 955 894 1024 solus,

273 1041 333 1098 Res
346 1041 435 1098 Italus
452 1043 538 1096 urmes
554 1043 662 1109 tuteris,
681 1040 802 1096 moribrrs
817 1053 909 1109 ornes,

274 1126 390 1198 Lepidus
405 1126 545 1180 emendes:
565 1126 595 1179 in
603 1124 717 1196 publico
731 1125 872 1180 commodo
883 1138 1006 1195 peccem,
1146 1135 1173 1176 ro

274 1209 306 1264 Si
319 1212 397 1282 lonqo
416 1224 543 1266 sermone
560 1224 652 1264 morer
666 1217 715 1264 tuo
730 1217 869 1280 tempora,
884 1207 1000 1265 Caesar.

37 1355 67 1378 v
183 1287 286 1348 Habitu
315 1291 448 1366 corporis
476 1289 529 1349 iuit
555 1288 653 1348 brevis
678 1298 765 1368 atque
787 1286 912 1365 obesus,
943 1286 1037 1367 qualis
1061 1296 1134 1347 eta

51 1375 55 1382 '
121 1372 293 1450 semetipso
311 1373 339 1431 in
355 1374 456 1432 Satiris
472 1373 647 1433 describitur
662 1382 692 1432 et
710 1373 746 1432 ab
762 1371 894 1449 Augusto
913 1373 968 1432 irae
984 1371 1132 1450 epistola:

121 1456 251 1518 Pertulit
274 1455 318 1522 ud
339 1475 386 1517 me
414 1454 549 1536 Onysius
571 1456 704 1517 libellum
727 1463 824 1530 tuum,
856 1473 944 1535 quem
968 1472 1024 1535 eqo
1046 1463 1083 1515 ut
1111 1473 1136 1515 a
1159 1499 1162 1504 -

122 1547 290 1617 causante,
325 1541 621 1622 quantuluscumque
641 1547 702 1614 est,
739 1538 812 1601 boni
839 1540 976 1601 consulo.
1023 1537 1138 1600 Vereis·
1148 1559 1176 1600 15

122 1631 223 1686 autem
238 1625 313 1686 milui
333 1625 451 1686 uideris
469 1643 507 1685 ne
526 1625 664 1685 maiores
680 1623 777 1685 libelli
795 1623 841 1684 tui
858 1623 936 1699 sint,
953 1641 1044 1704 quom
1059 1625 1135 1706 ipse

123 1727 179 1780 ιιι
210 1709 266 1768 sed
279 1707 335 1769 tibi
348 1716 473 1770 statura
487 1707 586 1785 deest,
609 1707 831 1806 corpusculum
845 1727 907 1769 uon
926 1707 1021 1769 deest.
1059 1707 1130 1770 Ita·
1174 1754 1177 1762 ,

119 1811 179 1872 que
207 1792 344 1854 licebit
332 1812 365 1853 m
386 1791 559 1854 sectariolo
581 1791 722 1868 scribas,
747 1798 783 1852 ut
801 1791 949 1853 circuitus
964 1792 1134 1854 uoluminis

119 1877 166 1938 tui
177 1877 219 1937 sit
232 1866 496 1956 dpumde'oraroo,
516 1877 596 1937 siaiu
613 1883 661 1937 est
675 1875 839 1937 uentriculi
852 1876 904 1937 tui.

186 1961 232 2021 Ad
247 1979 296 2020 res
313 1961 457 2021 Venerius
472 1960 710 2039 intemperantior
726 1960 861 2028 traditur;
881 1961 956 2039 [nam
972 1963 1172 2040 speculatum

120 2045 256 2105 cubiculo
273 2055 370 2106 scorta
387 2047 490 2106 dicitur
505 2045 641 2105 habuisse
660 2044 817 2122 disposita,
834 2053 864 2103 ut
878 2062 1062 2124 quocumque
1082 2066 1131 2107 re·

118 2130 269 2207 spexisset
291 2127 330 2188 ibi
354 2130 381 2189 ei
403 2131 499 2207 imago
515 2131 608 2190 coitus
624 2128 809 2207 referretur.]
839 2127 918 2188 Vixit
934 2130 1086 2208 plurimum
1102 2134 1134 2191 in

117 2230 243 2272 secessu
263 2214 338 2272 ruris
361 2215 404 2273 sui
424 2213 523 2274 Sabini
542 2223 590 2273 aut
606 2212 760 2288 Tiburtini,
783 2212 943 2291 domusque
965 2216 1154 2276 ostenditur

120 2299 198 2357 eirca
222 2295 340 2356 Tiburni
368 2297 504 2358 luculum.
535 2296 685 2358 Venerunt
710 2299 739 2356 in
763 2314 863 2356 manus
889 2316 969 2359 meas
991 2308 1020 2358 et
1040 2298 1133 2377 Elegi

119 2380 173 2442 sub
194 2380 277 2440 tituio
300 2382 362 2440 eius
385 2392 414 2441 et
429 2381 554 2460 epistola
570 2399 658 2460 prosa
674 2383 804 2442 oratione
821 2384 902 2460 quasi
924 2383 1131 2444 commendan—
1144 2408 1176 2449 ιι

119 2466 203 2525 tissa
220 2463 398 2542 Maecenati,
418 2465 470 2526 sed
487 2474 610 2546 utraque
625 2465 699 2526 falsa
721 2475 807 2544 put03
830 2485 894 2526 nam
916 2466 1003 2545 Eiegi
1024 2469 1132 2548 vulga·

118 2567 181 2619 res,
200 2549 324 2627 epistola
342 2551 429 2610 etiam
446 2548 589 2625 obscura,
608 2567 665 2627 quo
680 2551 750 2609 vitio
765 2551 879 2610 minime
896 2552 1060 2613 tenebatur.

25 2635 36 2688 «ἰ
63 2633 66 2638 “
181 2631 272 2702 Natos
296 2643 340 2694 est
360 2633 410 2694 VI.
435 2633 503 2694 idus
525 2632 698 2693 Decembris
718 2633 749 2695 L.
772 2632 857 2694 Cotta
879 2645 908 2695 et
923 2635 959 2696 ·L.
977 2634 1134 2714 Torquato

119 2716 304 2793 consulibus,
327 2717 456 2778 decessit
478 2718 512 2777 V.
528 2715 576 2777 Ki.
598 2716 769 2778 Decembris
787 2716 819 2778 C.
837 2717 946 2780 Marcio
963 2717 1131 2781 Censorino

117 2809 148 2859 et
170 2795 325 2860 dusinus
348 2801 432 2862 Gallo
455 2799 624 2863 consulibus
647 2811 713 2880 post
738 2820 843 2862 nonurn
867 2813 897 2863 et
920 2806 1172 2883 quinquagesis·

117 2902 192 2942 mum
209 2901 331 2961 annum,
343 2885 455 2954 herede
470 2885 604 2963 Augusto
623 2886 716 2964 palam
731 2897 908 2966 nuncupato,
928 2907 990 2948 curu
1003 2900 1144 2967 urgente-

117 2969 146 3027 ui
162 2967 327 3028 ualitudinis
352 2987 411 3029 non
432 2971 582 3030 sufficeret
596 2969 631 3029 ad
642 2971 843 3047 obsignandas
858 2974 1023 3031 testamenti
1045 2973 1131 3032 tabu·

118 3051 172 3112 las
209 3049 347 3112 Humatus
362 3063 391 3114 et
407 3053 538 3156 qonditus
562 3063 607 3113 est
628 3056 765 3115 extremis
788 3053 927 3132 Esquiliis
948 3057 1027 3116 iuxta
1047 3055 1132 3117 biae·

119 3138 231 3196 cenatis
252 3137 410 3200 tumulum..
413 3135 539 3199 Exstat
550 3137 705 3198 boecoita
725 3139 757 3200 in
774 3138 985 3217 compluribus
1000 3133 1134 3204 Horatii

118 3217 294 3297 codicibus,
321 3221 404 3282 unde
425 3222 547 3301 primus
570 3223 703 3300 protulit
722 3225 926 3313 Suetonioque
950 3225 1173 3312 'uindicaoitss

118 3303 228 3363 Petrus
241 3301 384 3366 Nunnius
397 3314 535 3366 a.1548

177 3384 317 3446 Aemilius
332 3387 432 3449 Macer
445 3388 625 3448 Veronensis
644 3393 758 3467 poeta
749 3409 777 3449 ιιι
793 3389 863 3450 Asia
879 3394 1039 3454 moritura.
1059 3403 1128 3460 738.

184 3465 302 3528 Ovidius
322 3470 401 3531 Naso
418 3473 568 3532 nascitur
559 3491 589 3532 ιιι
604 3472 732 3552 Pelignis
755 3491 787 3535 ιι.
814 3477 1131 3538 712.713.·..0vi·
