2444 3872
145 153 206 214 110
230 164 259 214 c.
274 164 423 214 suuroru
437 165 564 226 nanno.
577 167 624 213 cu
636 167 719 214 mun
732 164 915 216 causacum
926 168 996 214 um.
1012 169 1062 216 ur.

144 321 297 381 affirmavit
316 319 397 396 lore,
421 327 455 380 ct
473 337 513 379 ec
527 319 673 398 Pompeio
688 320 894 398 Pompeianas
912 321 1015 398 fieret,
1038 323 1153 386 acerba
1209 257 1212 348 4

144 405 329 464 cavillatione
345 403 428 462 simul
446 403 567 462 hominis
585 422 690 470 nomen
708 406 859 464 incessens
873 410 1063 484 veterumque
1079 425 1151 485 par·
1210 463 1212 490 ,

100 506 136 562 58
144 489 212 548 tium
226 489 378 546 fortunam.
407 485 464 546 Sub
481 486 555 546 idem
571 495 697 566 tempus,
715 488 884 547 consulente
899 496 1036 567 praetore
1051 507 1089 550 au
1106 492 1151 551 iu-

144 572 219 631 dicia
234 572 392 631 maiestatis
414 571 481 647 cogi
495 569 622 649 iuberet,
645 570 824 631 exercendas
838 589 905 630 esse
921 570 1005 648 leges
1021 590 1152 650 respon-

144 656 234 715 ditet
260 654 441 715 atrocissime
465 655 605 714 exercuit.
635 654 752 714 Statuac
775 653 889 733 quidam
910 653 1035 732 Augusti
1058 665 1181 737 caputs
1211 659 1212 664 ’

143 739 303 815 demserat,
328 747 358 796 ut
377 737 496 797 alterius
511 737 673 815 imponeret
679 760 687 807 ;
710 746 774 799 acta
785 757 835 798 res
851 739 881 796 in
897 747 997 798 senatu
1013 746 1056 815 et,
1078 742 1151 819 qula

143 820 357 900 ambigebatur,
380 838 433 898 per
456 830 596 880 tormenta
619 824 749 899 quaesita
765 831 818 881 est.
849 820 990 884 Damnato
1007 839 1059 881 reo
1075 842 1150 901 pau·

142 908 220 966 latim
236 923 329 982 genus
345 904 502 964 calumniae
519 921 555 962 eo
572 907 726 982 processit,
745 915 775 964 ut
789 905 863 964 baec
878 921 993 983 quoque
1009 901 1153 984 capitalia

143 997 257 1050 essent:
286 989 363 1047 circa
385 987 510 1062 Augusti
535 989 717 1049 simulacrum
743 1005 857 1048 servum
884 987 1037 1065 cecidisse,
1056 991 1151 1049 vesti·
1210 1041 1212 1068 ,

142 1081 237 1133 menta
253 1080 394 1146 mutasse,
410 1087 523 1129 nummo
535 1071 583 1130 vel
599 1073 684 1131 anulo
701 1073 828 1148 effigiem
840 1074 1010 1150 impressam
1022 1071 1152 1133 latrinae
1164 1095 1195 1136 ao
1211 1077 1212 1082 ’

143 1163 191 1216 aut
207 1155 338 1233 lupanari
360 1152 509 1230 intulisse,
531 1153 637 1214 dictum
658 1157 745 1215 ullum
760 1157 903 1214 factumve
920 1156 983 1214 cius
1000 1156 1152 1216 existima-

143 1241 223 1299 tione
244 1239 340 1315 aliqua
361 1237 494 1295 laesisse.
526 1237 604 1297 Perit
625 1238 750 1318 denique
772 1247 801 1298 et
821 1241 863 1315 ie,
887 1241 935 1317 qui
955 1237 1097 1299 honorem
1119 1242 1154 1299 in
1209 1235 1212 1290 ’ἰ

144 1321 259 1382 colonia
275 1339 325 1380 sua
341 1319 447 1380 eodem·
460 1319 506 1378 die
522 1321 639 1381 decerni
655 1323 709 1386 sibi
724 1324 827 1401 passas
844 1331 900 1399 eat,
916 1339 974 1401 quo
990 1321 1104 1384 decreti
1120 1333 1154 1382 et
1211 1331 1212 1380 ζ

69 1437 95 1486 „3
143 1403 469 1482 Augustoclimcrant.
610 1417 613 1422 ·
1210 1425 1212 1474 t

78 1484 83 1492 ”
101 1494 135 1550 59
205 1488 293 1548 lllulta
314 1495 467 1564 praeterea
487 1489 589 1566 specie
607 1490 756 1568 gravitatis
777 1507 811 1549 ac
826 1507 936 1548 morum
954 1490 1192 1567 corrigendo-1⁵
1210 1501 1212 1572 j

142 1590 219 1648 rum,
245 1571 297 1632 scd
317 1579 345 1630 et
367 1572 460 1649 magis
477 1580 595 1632 naturae
617 1582 838 1652 optemperans,
861 1573 900 1632 ita
916 1591 1005 1632 saeve
1023 1582 1053 1634 et
1070 1582 1151 1634 atro·
1210 1627 1212 1656 ,

115 1718 117 1724 ,
144 1659 216 1716 citer
238 1653 394 1730 factitavit,
416 1663 446 1714 ut
465 1656 594 1716 nonnulli
615 1657 769 1716 versiculis
793 1672 909 1733 quoquc
931 1665 960 1716 et
979 1659 1153 1734 praesentia
1210 1659 1212 1714 ἶ

142 1741 354 1819 exprobrarent
370 1747 398 1798 et
413 1737 505 1798 lutura
522 1738 720 1816 denuntiarent
734 1736 824 1798 mala:

225 1897 317 1968 Asper
327 1899 353 1949 et
363 1896 485 1964 immitis,
497 1895 613 1950 breviter
624 1895 664 1948 m‘s
674 1894 765 1948 omnia
776 1893 887 1949 dicam?

269 1980 444 2048 Desperatio,
456 1980 482 2032 si
492 1982 516 2034 ta
526 1983 615 2032 mater
626 1991 723 2030 amara
728 1982 827 2048 potest.

226 2113 289 2168 Noa
304 2125 333 2168 es
347 2128 429 2184 eques
435 2137 446 2177 ,-
459 2119 567 2186 quara?
581 2115 644 2170 Nan
658 2117 725 2168 scat
735 2111 782 2168 tibi
794 2111 869 2188 mitia
884 2115 1006 2166 centum.-

271 2195 367 2252 Omnia
378 2199 404 2250 si
413 2212 548 2268 quaeras,
562 2205 588 2254 et
597 2197 713 2252 Rhodos
724 2197 835 2252 caitiam
847 2200 895 2250 cat.

225 2327 322 2384 Aurea
333 2335 443 2388 mutasti
453 2332 570 2388 Saturni
579 2331 699 2397 saecula,
713 2329 830 2388 Caesar:

267 2413 405 2472 Incolumi
412 2433 477 2472 nam
487 2422 512 2471 te
519 2415 619 2487 ferrea
629 2428 741 2486 semper
751 2416 841 2468 eruat.
951 2460 954 2465 .

225 2553 342 2608 Fastidit
352 2556 443 2610 omum
451 2594 459 2622 ,
468 2555 532 2625 qaia
542 2555 598 2622 iam
607 2553 665 2606 sitit
671 2553 721 2606 istc
730 2563 874 2605 cruorem:

270 2635 338 2690 Tam
348 2637 410 2692 bibit
418 2636 493 2692 bunc
503 2637 594 2704 acide,
607 2651 689 2706 qaam
700 2633 765 2688 bibit
772 2639 836 2688 ante
846 2645 961 2686 mertam.

226 2767 326 2839 Aspice
337 2769 455 2824 Felicem
466 2770 541 2838 (sibi,
558 2785 613 2824 aaa
629 2767 830 2838 obsidionale,
843 2767 956 2834 Saliam,

229 2923 231 2928 Ι
266 2851 305 2906 Et
313 2851 451 2921 Marium,
463 2855 490 2908 si
497 2855 549 2917 aas,
562 2854 671 2924 aspice,
682 2852 733 2907 scd
742 2852 877 2918 reducem,

225 2934 348 2992 Necnon
359 2935 461 2992 Aatoai
467 2938 555 2991 cicilia
566 2936 635 2990 belia
646 2937 775 2992 moveatis

266 3018 864 3090 Naasamcliafectasaspicccaedemanus,

216 3099 259 3154 m
270 3102 327 3156 dic.-
341 3100 431 3157 Roma
439 3103 526 3174 perita
534 3103 659 3174 regnavit
667 3105 802 3174 sanguine
811 3103 908 3171 multo,
1032 3158 1035 3162 .

265 3185 311 3240 Ait
321 3200 435 3258 regnam
446 3187 567 3257 quiquis
577 3187 649 3242 venit
658 3186 693 3241 ab
704 3186 794 3243 exilio.
1037 3226 1039 3232 ·
1150 3189 1153 3196 '
1209 3157 1212 3248 Ι

142 3346 223 3420 Quae
243 3349 350 3426 primo,
373 3349 454 3426 quasi
475 3348 511 3409 ab
525 3347 739 3426 impatientibus
755 3346 946 3408 remediorum
961 3365 997 3408 ac
1011 3363 1071 3407 non
1085 3356 1143 3422 tam
1209 3355 1212 3406 t

80 3461 84 3468 ·
141 3447 179 3488 ex
198 3433 283 3490 animi
299 3432 439 3492 sententia
453 3450 537 3512 quam
554 3430 657 3491 bile'et
674 3431 823 3493 stomacho
840 3432 1035 3510 tingerentur,
1058 3431 1141 3492 vole·
1210 3457 1212 3526 t
