2444 3872
475 245 582 295 srvos
604 243 796 294 accusans.
1093 234 1130 298 81

187 403 315 463 Sumenti
337 402 463 463 virilem·
475 410 575 479 togam
596 402 692 463 tunica
708 402 759 462 lati
776 403 866 482 clavi,
889 412 986 466 resuta
1002 421 1041 462 ex
1057 411 1134 464 utra·

121 503 181 566 qne
199 495 297 567 parte,
323 486 360 547 ad
383 485 476 566 pedes
496 484 613 546 decidit.
645 486 773 547 Fuerunt
793 489 842 568 qui
862 489 1132 568 interpretarentur,

121 589 182 631 non
205 570 282 632 aliud
299 572 483 649 significare,
504 587 589 649 quam
604 579 634 631 ut
649 573 674 630 is
691 571 764 632 ordo
782 574 862 633 cuius
876 573 991 650 insigne
1009 571 1039 631 id
1053 581 1134 634 esset

123 654 298 734 quandoque
315 657 343 716 ei
357 655 547 716 subiceretur.

98 759 113 800 c
182 738 270 819 Apud
292 739 425 824 Mundam
446 738 536 799 Divus
557 737 661 816 iulius,
687 741 791 802 castris
810 742 906 802 locum
927 741 1047 820 capiens
1069 759 1133 800 cum

121 823 227 884 silvam
256 823 410 901 caederet,
437 822 572 886 arborem
600 823 714 902 palmae
734 835 882 908 repertam
908 826 1077 886 conservari
1103 833 1134 884 ut

6 889 8 980 Ξ
121 925 209 969 omen
231 909 374 970 victoriae
394 909 492 978 iussit;
514 926 553 969 ex
573 925 609 968 ea
624 909 761 969 contiuuo
777 919 861 970 enata
879 909 999 971 suboles
1015 908 1089 970 adeo
1104 911 1134 968 in

120 994 225 1073 paucis
240 992 343 1054 diebus
357 992 503 1070 adolevit,
525 1002 555 1052 ut
575 1010 633 1053 non
649 995 855 1074 aequiperaret
869 995 956 1055 modo
972 995 1132 1072 matricem,

119 1095 222 1138 verum
255 1086 285 1138 et
314 1077 471 1156 obtegeret
501 1077 794 1158 frequentareturque
822 1078 1019 1141 columbarum
1045 1079 1131 1157 nidis,

84 1179 110 1222 ro
121 1163 254 1241 quamvis
275 1161 305 1223 id
328 1163 422 1224 avium
442 1180 536 1240 genus
553 1161 651 1223 duram
667 1170 697 1221 et
713 1180 846 1244 asperam
861 1163 994 1224 frondem
1008 1165 1132 1225 maxime

119 1247 200 1307 vitet.
232 1245 287 1308 Illo
306 1255 335 1306 et
357 1248 517 1326 praecipue
534 1255 649 1307 ostento
666 1255 773 1308 motum
789 1246 948 1314 Gaesarem
961 1239 1071 1325 lebret,
1094 1265 1131 1308 ne

119 1349 207 1412 quem
222 1331 307 1393 alium
323 1331 379 1392 sibi
393 1331 556 1392 succedere
573 1348 659 1410 qnam
674 1333 785 1393 sororis
801 1341 939 1413 nepotem
954 1332 1054 1395 vellet.

181 1414 214 1477 lu
238 1433 360 1476 secessu
379 1415 557 1496 Apolloniae
574 1414 742 1493 Theogenis
764 1417 957 1479 mathematici
978 1417 1131 1496 pergulam

91 1511 95 1520 '
120 1501 227 1562 comite
243 1500 377 1582 Agrippa
401 1499 589 1570 ascenderat;
614 1517 677 1559 cum
692 1499 862 1580 Agrippae,
887 1503 935 1580 qui
958 1504 1037 1581 prior
1062 1518 1130 1562 cou-

83 1582 252 1662 assolebat,
269 1602 373 1663 magna
391 1594 422 1645 et
435 1602 529 1664 paene
544 1583 725 1646 incredibilia
740 1585 988 1665 praedicerentur,
1004 1587 1130 1647 reticere

118 1670 186 1750 ipsc
202 1670 363 1748 genituram
379 1687 459 1730 suam
474 1687 530 1730 nec
549 1667 628 1728 velle
646 1668 735 1730 edere
751 1669 980 1749 perseverabat,
1001 1678 1078 1731 metu
1095 1688 1130 1730 ac

119 1752 234 1834 pudore
249 1772 286 1814 ne
304 1756 397 1814 minor
411 1755 598 1814 inveniretur.
631 1754 693 1829 Qua
710 1763 804 1815 tamen
822 1764 890 1834 post
905 1753 1009 1814 multas
1025 1753 1130 1814 adhor-

118 1839 246 1898 tationes
260 1839 310 1898 vix
326 1847 355 1899 et
370 1847 539 1899 cunctanter
556 1837 649 1914 edita,
665 1838 776 1898 exilivit
793 1838 969 1917 Theogenes
987 1839 1130 1900 adoravit·-

6 1927 7 1932 ’
119 1940 177 2001 que
200 1939 273 1982 eum.
313 1922 432 1984 Tantam
452 1939 520 1982 mox
546 1921 678 1982 fiduciam
704 1923 755 1982 lati
783 1923 932 2001 Augustus
958 1922 1073 1998 babuit,
1101 1931 1131 1982 ut

81 2007 216 2067 cethema
238 2025 319 2068 suum
339 2007 504 2086 vulgaverit
525 2025 724 2085 nummumque
745 2015 914 2086 argenteum
936 2017 1004 2068 nota
1026 2007 1130 2066 sideris

16 2071 110 2235 ,quad
118 2089 309 2172 Capricorni,
327 2109 385 2171 quo
401 2101 483 2152 natus
500 2100 561 2169 est,
578 2094 766 2170 percusserit.

95 2233 102 2250 ,
182 2175 253 2236 Post
267 2193 371 2237 necem
387 2174 524 2238 Caesaris
539 2193 662 2236 reverso
680 2177 715 2237 ab
728 2176 887 2259 Apollonia
904 2186 933 2237 et
948 2175 1174 2255 ingredientelln
1208 2195 1214 2206 ’

117 2279 155 2323 eo
178 2259 296 2339 urbem,
316 2269 439 2350 ‘Qe
460 2260 569 2340 liquido
591 2279 626 2327 ac
643 2279 717 2340 puro
740 2279 845 2323 sereno
863 2260 989 2322 circulus
1011 2261 1046 2322 ad
1062 2279 1128 2338 spe-

119 2347 194 2408 ciem
216 2344 355 2406 caelestis
377 2364 463 2407 arcus
486 2345 587 2406 orbem
608 2345 680 2407 solis
701 2347 876 2423 ambiit,··ae
898 2345 1018 2406 subinde
1038 2344 1128 2405 lullae

6 2477 8 2482 .
81 2429 259 2492 recreeris
280 2429 358 2491 liliae
375 2433 578 2490 monimentum
598 2429 717 2490 fulmine
739 2434 826 2491 ictum
841 2438 894 2490 est.
922 2429 1016 2490 Primo
1034 2438 1128 2488 autem

6 2498 12 2578 Ξ
119 2513 272 2577 consulatu
297 2523 326 2575 et
347 2516 496 2592 augurium
519 2515 646 2593 capienti
662 2515 813 2596 duodecim
830 2533 862 2574 se
879 2512 1008 2573 vultures
1023 2519 1053 2571 ut
1070 2512 1127 2571 llo·
1215 2579 1216 2584 Ξ

116 2598 196 2660 mulo
215 2598 420 2676 ostenderunt,
442 2608 471 2660 et
488 2595 643 2659 immolanti
664 2599 789 2659 omnium
804 2599 983 2660 victimarum
998 2597 1129 2658 iocinera

116 2684 260 2764 replicata
272 2683 446 2745 intrinsecus
461 2683 497 2744 ab
509 2684 564 2742 ima
576 2682 648 2744 libra
661 2691 828 2764 paruerunt,
842 2683 958 2746 nemine
970 2682 1128 2762 peritorum

119 2767 204 2829 aliter
219 2767 384 2829 coiectante
400 2787 483 2848 quam
498 2768 575 2828 laeta
590 2774 644 2846 pe'r
658 2767 732 2828 haec
747 2776 777 2828 et
791 2785 896 2846 magna
910 2767 1053 2847 portendi.
1148 2798 1168 2828 ,ν

6 2851 7 2882 ³
81 2877 108 2920 rr
181 2853 257 2928 Quin
280 2861 309 2912 et
325 2853 469 2914 bellorum
487 2852 610 2913 onmium
628 2862 749 2912 eventus
764 2861 830 2912 ante
846 2853 1019 2930 praesensit.
1052 2847 1171 2921 Gon-96

6 2997 8 3006 ,
117 2937 219 2998 tractis
235 2936 444 2998 ad'Bononiam
458 2937 670 2996 triumvirorum
687 2938 798 3017 copiis,
815 2936 911 3015 aquila
924 2935 1049 2996 tentorio
1066 2936 1128 2994 eius

117 3020 317 3101 supersedens
332 3023 404 3082 duos
420 3038 525 3080 corvos
539 3019 606 3083 hinc
623 3031 652 3080 et
667 3019 732 3080 inde
747 3021 910 3082 infestantis
927 3019 1029 3080 aillixit
1047 3029 1076 3081 et
1093 3016 1128 3078 ad

115 3115 226 3166 terram
241 3103 335 3177 dedit;
352 3115 469 3166 notante
485 3105 562 3166 omni
578 3107 718 3184 exercitu,
734 3105 856 3165 futuram
869 3103 1042 3184 quandoque
1054 3105 1129 3162 inter

6 3177 14 3266 Ξ
117 3189 253 3269 collegas
270 3189 443 3251 discordiam
458 3189 546 3251 talem
562 3189 656 3268 qualis
673 3197 774 3250 secuta
789 3199 848 3267 est,
871 3198 901 3250 et
919 3190 1026 3249 exitum
1044 3204 1127 3267 prae-

78 3293 106 3336 st
117 3276 262 3352 sagiente.
287 3273 429 3354 Philippis
444 3272 605 3335 Thessalus
620 3271 733 3354 quidam
750 3273 786 3333 de
801 3273 895 3333 lutura
912 3272 1034 3332 victoria
1057 3288 1126 3329 nnn·

115 3360 198 3430 tiavit
219 3367 341 3420 auctore
356 3358 432 3420 Divo
448 3355 596 3438 Caesare,
619 3359 698 3418 cuius
720 3358 775 3418 sihi
796 3359 914 3436 species
936 3356 1040 3414 itinere
1062 3353 1130 3414 avie

6 3457 8 3508 l
33 3492 36 3498 .
114 3452 305 3505 occurrisset.
328 3447 330 3451 ’

6 3511 7 3514 Ξ
182 3524 270 3588 Circa
285 3526 450 3606 Perusiam,
476 3528 621 3589 sacrificio
638 3543 696 3588 non
709 3524 802 3586 litanti
823 3544 886 3585 cum
901 3526 1005 3673 pugeri
1019 3525 1129 3586 hostias

6 3583 10 3698 Ξ
122 3631 280 3674 sunrorms.
856 3630 858 3634 ’

6 3763 8 3800 l
