2438 3872
416 237 521 286 nrvns
533 237 782 286 recesseramus.
1041 225 1103 288 229

101 405 194 456 trema
209 394 402 455 obtestatione
418 393 558 468 tutionem
571 394 731 455 mandantis
748 401 777 453 et
792 400 822 453 ut
836 393 879 453 rei
893 412 920 473 p.
934 391 1104 454 subueniret

102 480 248 559 optantis;
270 478 353 538 simul
369 495 467 538 rumor
481 477 653 558 dissipatus,
673 478 836 539 destinasse
853 479 994 537 victorem
1010 479 1102 538 Vitel-

102 565 169 624 lium
184 571 349 643 permutare
369 561 490 622 hiberna
511 562 659 640 legionum
682 572 711 624 et
732 562 920 624 Germanicas
943 563 1102 624 transferre

102 649 132 708 in
143 647 290 707 Orientem
303 647 338 708 ad
351 647 531 706 securiorem
546 646 768 726 mollioremque
778 645 927 706 militiam·
946 646 1102 708 Praeterea

75 746 142 793 aex
156 730 339 812 praesidibus
354 732 569 810 provinciarum
587 731 713 791 Licinius
725 730 875 792 Mucianus
898 739 928 790 et
950 748 965 790 e
981 731 1102 808 regibus

102 817 291 895 Vologaesus
305 814 438 891 Parthus,
456 814 505 874 ille
523 814 656 894 deposita
676 815 830 890 simultate,
848 832 933 893 quam
945 816 974 874 in
989 816 1017 876 id
1030 824 1100 876 tern-

102 920 158 982 pus
172 919 210 961 ex
224 899 416 960 aemulatione
431 916 489 958 non
506 898 631 959 obscure
652 899 785 977 gerebat,
801 899 951 973 Syriacum
969 900 1102 977 promisit

102 986 279 1059 exercitum,
300 983 349 1042 bic
375 982 565 1061 quadraginta
587 982 665 1043 milia
687 983 914 1061 sagittariorum.
957 985 1130 1063 Suscepto?

101 1071 191 1148 igitur
204 1068 283 1128 civili
298 1066 378 1127 bello
394 1084 429 1128 ac
447 1065 567 1126 ducibus
586 1067 739 1145 copiisque
754 1067 782 1125 in
798 1065 908 1128 ltaliam
922 1070 1100 1146 praemissis,

61 1165 93 1208 ιο
102 1157 215 1214 interim
231 1150 439 1213 Alexandriam
453 1151 582 1229 transiit,
599 1161 629 1210 ut
644 1151 767 1211 claustra
788 1149 917 1232 Aegypti
944 1155 1100 1231 optineret.

65 1234 70 1243 '
100 1239 157 1300 llic
174 1255 238 1298 cum
255 1237 292 1296 de
311 1237 443 1296 lirmitate
458 1236 570 1314 imperii
584 1245 720 1314 capturus
732 1236 891 1313 auspicium
902 1235 1004 1297 aedem
1016 1237 1100 1298 Sera·

102 1322 178 1402 pidis
193 1321 343 1382 summotis
359 1320 491 1380 omnibus
506 1320 588 1381 solus
602 1321 748 1396 intrasset,
765 1337 801 1378 ac
816 1321 972 1400 propitiato
984 1322 1101 1383 multum

103 1407 161 1468 deo
178 1405 294 1466 tandem
309 1422 342 1464 se
360 1407 570 1482 convertisset,
593 1404 739 1464 verbenas
762 1421 946 1483 coronasque
971 1415 999 1467 et
1021 1409 1100 1486 pani·

102 1493 187 1567 licia,
212 1499 242 1550 ut
260 1489 321 1548 illic
344 1489 471 1565 assolet,
496 1489 639 1550 Basilides
661 1487 782 1548 libertus
804 1487 946 1548 obtulisse
970 1491 999 1550 ei
1022 1491 1102 1550 visus

61 1589 91 1630 1⁵
103 1585 164 1644 est;
182 1592 267 1652 quem
281 1591 381 1651 neque.
393 1572 547 1633 admissum
559 1591 575 1633 a
590 1589 734 1651 quoquam
746 1581 776 1631 et
787 1573 842 1632 iam
855 1572 967 1651 pridem
979 1584 1103 1654 propter

101 1675 258 1720 nervorum
274 1657 458 1717 valitudinem
470 1659 520 1716 vix
535 1656 648 1734 ingredi
659 1656 807 1735 longeque
820 1655 926 1716 abesse
939 1658 1101 1718 constabat.
1154 1723 1159 1734 .

101 1743 149 1806 Ac
171 1744 263 1803 statim
287 1742 434 1802 advenere
455 1740 586 1818 litterae,
610 1740 690 1800 iusas
713 1740 789 1820 apud
813 1738 986 1802 Cremonam
1001 1743 1102 1802 Vitelli

103 1829 217 1906 copias,
234 1828 328 1906 ipsum
343 1827 372 1885 in
388 1824 459 1885 urbe
477 1827 680 1904 interemptum
694 1826 864 1885 nuntiantes.

165 1910 333 1972 Auctoritas
359 1918 389 1970 et
413 1910 494 1988 quasi
514 1909 651 1969 maiestas
674 1908 814 1989 quaedam
830 1918 859 1969 ut
875 1909 990 1970 scilicet
1009 1909 1101 1990 inopi-

61 2005 173 2057 a'onato
191 2003 220 2055 ct
235 1994 328 2054 adbuc
348 2011 425 2053 novo
445 1995 570 2072 principi
593 1993 708 2061 deerat;
729 1992 803 2060 baec
825 2011 942 2072 quoque
964 1995 1101 2054 accessit.

1 2153 3 2160 y
101 2081 130 2142 Ε
145 2078 232 2159 plebe
247 2078 361 2157 quidam
375 2077 528 2137 luminibus
545 2077 675 2154 orbatus,
693 2077 761 2137 item
772 2076 847 2138 alius
859 2077 947 2138 debili
960 2097 1044 2138 crure
1056 2099 1101 2138 se·

102 2166 220 2226 dentem
234 2180 288 2241 pro
305 2162 439 2222 tribunali
457 2164 565 2240 pariter
582 2161 727 2238 adierunt,
750 2171 868 2222 orantes
890 2180 977 2242 opem
999 2163 1100 2224 valitu-

102 2249 163 2310 dini
178 2247 428 2308 demonstratama
445 2245 586 2324 Serapide
603 2254 656 2325 per
669 2246 808 2324 quietern:
823 2249 1019 2308 restituturum
1032 2266 1100 2309 ocu-

101 2335 167 2410 los,
184 2333 208 2392 si
222 2331 393 2410 inspuisset;
417 2331 647 2390 confirmaturum
674 2348 758 2407 crus,
781 2333 806 2390 si
828 2331 995 2409 dignaretur
1018 2333 1101 2392 calce

1 2465 2 2475 .
61 2441 93 2481 as
104 2418 287 2493 contingere.
332 2413 402 2476 Cum
425 2416 476 2474 vix
497 2413 569 2475 odes
590 2423 671 2474 esset
690 2414 750 2474 ullo
770 2415 1100 2477 modoremsuccessu·

1 2578 2 2581 Ἴ
102 2519 175 2578 ram,
191 2500 315 2578 ideoque
332 2517 368 2558 nc
384 2500 512 2576 experiri
528 2499 642 2577 quidem
658 2498 793 2576 auderet,
813 2508 944 2560 extremo
963 2500 1100 2560 hortanti-

1 2633 2 2636 .
103 2587 159 2647 bus
174 2584 272 2644 amicis
287 2583 381 2662 palam
396 2600 447 2661 pro
461 2583 599 2642 contione
610 2591 760 2660 utrumque
771 2585 932 2661 temptavit,
947 2603 1002 2644 nec
1015 2602 1101 2646 eren·

103 2679 150 2732 tus
169 2667 268 2728 deiuit.
298 2667 355 2728 Per
369 2665 444 2726 idem
459 2675 572 2745 tempus
587 2666 704 2743 Tegeae
722 2667 749 2724 in
764 2667 892 2727 Arcadia
906 2669 1041 2729 instinctu
1052 2687 1100 2730 ra·

104 2754 280 2814 ticinantium
295 2753 404 2812 elicssn
421 2759 485 2810 sunt
502 2760 616 2811 sacratu
633 2751 700 2810 loco
717 2769 787 2810 vasa
803 2754 904 2831 operis
917 2755 1041 2834 antiqui,
1061 2763 1100 2813 at·

1 2837 2 2842 ’
64 2854 163 2918 acque
179 2838 254 2897 iniis
270 2835 405 2896 assimilis
420 2835 606 2915 Vespasiano
622 2837 729 2913 imago.

169 2920 248 2982 Talis
263 2929 398 3000 tantaque
414 2938 477 2980 cum
493 2920 568 2980 lama
584 2920 611 2978 in
625 2919 725 2980 urbem
737 2939 892 2998 reversus,
917 2931 984 2983 acto
1006 2923 1042 2983 de
1056 2923 1129 2994 lue

105 3006 185 3068 dacis
207 3004 364 3085 triumpho,
387 3003 554 3064 consulatus
576 3011 644 3064 octo
669 3007 761 3064 veteri
781 3005 900 3076 addidit;
922 3009 1052 3087 suscepit
1073 3017 1102 3066 et

106 3108 267 3167 censuram,
286 3107 321 3150 ac
337 3107 392 3168 per
407 3097 496 3149 totum
510 3089 622 3166 imperii
638 3097 752 3166 tempus
767 3088 837 3150 nihil
849 3089 946 3150 babuit
958 3093 1100 3169 antiquius

106 3193 190 3257 quam
213 3193 307 3254 prope
331 3173 465 3234 aiilictum
486 3180 688 3251 nutantemque
704 3191 766 3233 rem
786 3191 814 3252 p.
836 3173 966 3234 stabilire
996 3177 1100 3255 primo,
1183 3211 1186 3216 ·

1 3287 3 3298 ’
66 3257 211 3324 aedeinde
226 3267 255 3318 et
269 3276 384 3318 ornare.
1091 3269 1134 3308 4

167 3341 275 3414 billites
290 3360 358 3421 pars
374 3340 516 3402 victoriae
534 3340 648 3417 fiducia,
665 3359 733 3419 pars
748 3343 924 3419 ignominiae
946 3343 1049 3405 dolore
1066 3344 1102 3405 ad

1 3429 2 3451 ¹
105 3445 219 3489 curnem
233 3427 378 3488 licentiam
393 3424 599 3504 audaciamque
612 3436 836 3503 processerant;
859 3427 912 3487 sed
936 3437 966 3488 et
985 3431 1101 3508 provin·

1 3558 3 3571 .
106 3514 170 3573 ciac
186 3511 378 3590 civitatesque
390 3509 518 3587 liberae,
533 3526 588 3568 nec
603 3527 662 3570 non
683 3519 712 3570 et
733 3529 824 3588 regna
845 3512 984 3591 quaedam
1002 3514 1101 3574 tumul-
