2412 3876
476 235 581 284 navus
597 236 724 284 ιιιιιιιι.
1081 225 1100 286 5

90 392 120 452 in
138 391 285 451 ciuitatem
305 391 459 467 rogatione
475 388 569 450 Plotia
586 389 729 467 confecit,
752 388 909 467 habuitque
929 391 1037 469 etipse
1054 411 1099 451 su-

92 492 146 556 per
163 493 198 534 ea
213 493 246 535 re
262 477 432 536 contionem.

157 559 302 634 Quaestor
312 558 412 619 luliam
429 562 541 619 amitam
562 574 743 637 uxoremque
760 558 926 618 Corneliam
949 557 1129 619 deiunctasb

3 645 4 654 ’
91 644 220 704 laudavit
236 661 253 702 e
268 659 347 704 more
364 662 418 723 pro
435 644 549 703 rostris
579 641 617 702 llt
636 643 666 701 in
684 644 786 702 amitae
803 641 919 722 quidem
936 641 1100 703 laudatione

71 728 128 792 ode
153 729 216 787 eius
239 745 274 788 ac
296 729 386 806 patris
415 731 458 788 sui
485 737 608 806 utraque
630 727 746 804 origine
775 728 816 786 sic
839 726 945 786 refert:
979 725 1102 787 mitae

90 829 178 872 meae
194 809 298 872 latice
309 820 480 874 maternam
492 829 590 893 qenes
606 810 647 872 ab
663 810 790 892 regibus
802 818 901 871 ortum
910 819 1102 889 ,patenum

92 915 159 958 com
172 895 233 956 diis
245 896 462 958 inmortalibus
474 897 669 958 coniunctam
683 903 737 956 eat.
760 893 842 954 Nom
856 894 897 954 ob
910 857 997 956 Anco
1012 893 1099 956 blor-

4 1055 5 1058 ,
92 982 139 1042 cio
155 988 227 1040 sont
242 979 358 1040 Marcii
371 981 488 1061 Reges,
511 998 570 1058 qao
585 981 707 1040 nomine
725 978 787 1057 solt
801 986 921 1050 moter,·
943 997 963 1038 a
987 977 1102 1040 Venere

3 1089 6 1122 t
90 1062 183 1140 lolii,
209 1065 296 1125 colos
314 1066 414 1145 pontis
426 1064 551 1144 [omitia
567 1071 614 1124 est
627 1070 748 1124 nostru.
779 1061 839 1124 Eat
851 1081 924 1142 ergo
939 1065 972 1123 ιἰι
990 1083 1102 1144 ponec

59 1176 82 1217 ιι
92 1157 122 1210 et
139 1149 296 1210 sanctitas
319 1168 440 1228 regom,
464 1150 516 1230 qni
537 1147 704 1228 plurimum
720 1149 806 1230 ,teter
822 1147 960 1210 borsines
970 1149 1100 1228 pollent,

92 1242 121 1294 et
132 1233 326 1294 caerimonia
337 1233 479 1308 demam,
492 1249 621 1314 qnorum
632 1233 697 1311 ipsi
709 1234 742 1293 ιἰι
749 1239 905 1312 potestate
916 1241 986 1294 aaut
1000 1253 1099 1314 reges.

91 1317 123 1377 ln
150 1316 308 1378 Corneliae
332 1327 428 1377 autem
447 1316 544 1378 locum
568 1316 735 1395 Pompeiam
758 1316 839 1378 duxit
861 1317 958 1392 Quinti
980 1317 1102 1396 Pompei

92 1403 199 1478 liliam,
222 1401 253 1461 L.
271 1401 370 1462 Sullae
392 1411 525 1480 neptem;
555 1419 618 1460 oum
644 1419 699 1480 qua
723 1401 826 1460 deinde
845 1402 997 1462 divortium
1019 1402 1099 1477 iecit,

92 1485 282 1547 adulteratam
305 1489 439 1566 opinatus
461 1485 596 1546 aPublio
620 1485 741 1562 Clodio,
766 1504 851 1566 quern
873 1490 947 1546 inter
968 1485 1101 1564 publicas

59 1594 81 1636 ιι
92 1572 287 1632 caerimonias
305 1581 476 1649 penetrasse
493 1570 528 1630 ad
550 1587 613 1630 earn
634 1570 766 1631 mullebri
782 1581 868 1630 veste
889 1579 946 1630 tam
964 1579 1101 1630 constans

89 1656 167 1716 fama
184 1664 262 1732 erat,
285 1665 314 1714 ut
332 1665 450 1715 senatus
471 1657 672 1734 quaestionem
693 1655 731 1714 de
748 1655 867 1734 pollutis
884 1655 976 1714 sacris
999 1653 1099 1714 decre·

89 1741 174 1800 verit

156 1823 313 1898 Quaestori
334 1824 455 1886 ulterior
477 1780 617 1903 Hispania
640 1824 775 1892 obvenit;
804 1824 853 1884 ubi
878 1843 942 1884 cum
968 1825 1128 1886 mandatut

3 1959 5 1966 ,,
90 1909 150 1969 PR
173 1909 235 1968 iure
262 1908 387 1969 dicundo
418 1918 578 1970 conventus
600 1909 764 1968 circumiret
787 1909 933 1987 Gadisque
960 1911 1100 1988 uenisset,

57 2015 82 2056 ιι
91 1992 294 2054 animadversa
307 1993 382 2092 apud
393 1993 528 2055 Herculis
539 1993 676 2092 templum
683 1993 782 2070 lllagui
791 1992 972 2053 Alexandri
964 1995 1100 2071 imagine

90 2078 233 2156 ingemuit
248 2086 278 2136 et
295 2081 378 2156 quasi
394 2086 547 2157 pertaesus
570 2079 712 2157 ignaviam
729 2095 827 2154 suam,
852 2075 929 2156 quod
951 2077 1099 2138 nihildum

90 2179 106 2222 a
127 2179 160 2221 se
176 2161 366 2223 memorabile
388 2171 481 2222 actum
498 2172 577 2222 esset
596 2165 625 2221 in
643 2172 738 2223 aetate
779 2180 835 2242 qua
859 2165 914 2222 lam
931 2161 1101 2222 Alexander

3 2319 4 2322 Ἴ
91 2246 195 2308 orbem
210 2255 351 2308 terrarum
372 2246 553 2345 subegisset,
577 2248 714 2306 missione
760 2249 895 2308 continuo
917 2247 1100 2324 elllagitavit,

19 2367 21 2370 -
91 2331 127 2390 ad
149 2329 318 2410 captandas
334 2349 418 2410 quam
445 2333 565 2410 primum
589 2333 729 2392 maiorum
751 2349 847 2407 rerum
871 2332 1045 2391 occasiones
1072 2333 1101 2390 itr

47 2415 175 2475 'asurbe
213 2413 305 2477 Etiam
328 2417 478 2476 confusum
500 2434 578 2476 eum
586 2419 698 2476 somnio
720 2417 871 2495 proximae
894 2417 988 2474 noctis
1015 2417 1100 2498 (narn

3 2547 5 2586 ,
91 2502 172 2559 visus
196 2508 258 2558 erat
280 2513 334 2578 per
357 2503 483 2579 quietem
505 2509 633 2579 stuprum
659 2503 741 2560 matri
765 2497 930 2592 intulisse)
934 2499 1101 2557 coiectores

3 2657 4 2662 γ
92 2583 128 2644 ad
144 2583 348 2662 amplissimam
370 2603 452 2664 spem
473 2587 679 2662 incitaverunt,
698 2585 845 2645 arbitrium
860 2593 1002 2643 terrarum
1020 2581 1100 2641 orbis

6 2729 11 2738 ,
92 2667 230 2747 portendi
245 2669 486 2746 interpretantes,
504 2669 619 2748 quando
635 2679 744 2746 mater,
770 2676 854 2748 quam
871 2666 1028 2729 subiectam
1045 2668 1100 2727 sibi

92 2752 229 2828 vidisset,
245 2753 373 2813 nonalia
390 2763 469 2814 esset
484 2772 567 2832 qnam
583 2763 678 2831 terra,
695 2771 769 2832 quae
786 2754 910 2819 omniurn
927 2771 1036 2832 parens
1051 2753 1099 2812 ha·

57 2835 221 2896 toleretur.
247 2835 403 2898 Decedens
416 2855 489 2914 ergo
504 2847 571 2897 ante
586 2847 700 2916 tempus
716 2839 847 2900 colonias
863 2837 978 2896 Latinas
994 2836 1030 2897 de
1048 2855 1127 2915 ιιι-8

91 2919 179 2980 tenda
203 2921 319 2980 civitate
343 2924 487 3000 agitantes
502 2923 586 2999 adiit,
611 2932 639 2982 et
661 2922 697 2982 ad
714 2921 875 2984 audendum
898 2921 1044 3001 aliquid
1030 2940 1098 2982 con·

91 3007 227 3082 citasset,
253 3007 308 3066 nisi
323 3006 460 3068 consules
478 3010 660 3086 conscriptas
683 3008 711 3067 in
726 3006 855 3070 Ciliciam
877 3007 1013 3084 legiones
1030 3024 1098 3084 pan-

89 3089 197 3170 lisper
202 3089 244 3156 ob
256 3088 394 3168 idipsum
405 3092 598 3152 retinuissent.
1100 3119 1120 3132 ··

113 3169 223 3250 dioc
236 3192 274 3236 eo
286 3169 382 3274 seqlus
397 3177 506 3236 maiora
522 3193 590 3235 mox
605 3177 634 3235 in
649 3176 721 3236 urbe
737 3175 852 3237 molitus
868 3185 922 3236 est.
952 3173 1098 3253 Siquidem
1111 3193 1128 3246 9
1151 3173 1167 3235 l·

54 3269 81 3312 tt
91 3251 157 3327 ante
168 3273 284 3344 paucos
296 3257 359 3320 dies
373 3277 458 3337 quam
470 3260 666 3320 aedilitatem
658 3263 757 3338 uniret,
771 3262 889 3320 venitin
902 3260 1098 3336 suspicionem

92 3343 281 3419 conspirasse
305 3362 368 3405 cum
384 3344 485 3405 Marco
501 3344 610 3405 Crasso
627 3345 789 3423 consulari,
812 3347 880 3404 item
897 3343 999 3404 Publio
1019 3341 1100 3401 Sulla

90 3424 161 3486 etl.
171 3425 316 3486 Autronio
329 3437 397 3506 post
409 3427 639 3526 designationem
652 3429 819 3489 consulatus
830 3427 953 3487 ambitus
965 3425 1099 3486 condem·

3 3589 6 3600 Ι
88 3509 180 3589 natis,
204 3520 235 3572 nt
257 3512 404 3591 principio
427 3514 492 3571 anni
517 3522 646 3574 senatum
672 3511 873 3590 adorirentur,
901 3521 930 3573 et
950 3509 1101 3571 trucidatis

335 3664 471 3720 Ar*
