2438 3872
459 209 462 216 ’
526 263 632 314 anno.
1027 255 1086 316 ιιι

61 415 63 420 ’
96 417 240 502 libellique
257 437 320 480 curn
343 419 512 499 quibusdaru
532 415 688 480 notissimis
706 419 857 497 uersibus,
880 421 1085 499 ipsius‘ch'rd-

4 499 7 574 l
95 503 204 586 grapho
219 506 350 585 scriptis,
372 513 403 564 ιι
417 503 506 564 iacile
522 505 680 584 appararet
694 521 752 564 uon
762 505 885 566 uelatos
898 514 949 566 aut
960 504 1086 566 dictaum

95 591 189 670 aliquo
199 597 359 668 exceptos
377 586 528 668 sedplane
541 589 624 667 quasi
636 606 653 648 a
666 589 814 666 cogitante
825 596 912 668 atque
924 598 1086 668 generante
1197 597 1201 602 '

4 659 6 740 5
96 683 242 743 onumen
254 675 293 734 ιιι
301 669 389 734 nulia
398 681 430 732 et
440 671 536 732 deleta
547 681 577 732 et
587 671 702 732 ruduota
714 680 743 734 et
753 675 953 752 superscripta
964 675 1084 734 ιιιιιιι

4 743 6 826 ξ
74 755 194 821 aiiabuii
206 766 235 817 et
247 755 385 836 pingendi
399 755 584 834 lugendique
600 773 658 816 uon
671 755 821 818 mediocre
832 756 962 820 studium.
1078 763 1131 852 {i

4 837 6 910 f
152 841 276 903 Maxime
291 845 387 901 autern
396 840 592 920 popularitate
607 837 794 918 efferebatur,
807 842 931 901 omnium
944 842 1084 920 aemulus,

95 929 138 1004 qui
151 941 269 1004 quoquo
285 923 372 986 modo
384 924 505 984 animum
515 923 596 1002 vulgi
608 925 770 985 moverent.
802 923 882 986 llxiit
894 927 1004 1005 opinio,
1018 935 1086 1006 post

94 1011 241 1069 scaenicae
253 1024 377 1070 coronas
390 1009 522 1087 proximo
534 1008 626 1068 lustro
638 1008 845 1070 descensurum
857 1011 924 1070 euru
939 1009 1085 1085 adolphu-

93 1095 139 1173 pia
149 1095 224 1153 inter
235 1093 372 1162 athletam
391 1109 457 1152 nam
468 1100 497 1152 et
508 1092 669 1153 luctabatur
684 1093 810 1172 assidue,
826 1111 883 1155 nec
894 1094 979 1154 aliter
991 1103 1084 1155 ceria·

71 1179 166 1238 omina
182 1179 317 1255 gymnica
335 1185 396 1236 tota
419 1175 541 1238 Graecia
568 1185 754 1256 spectaverat
773 1196 857 1256 quam
880 1176 1085 1240 brabeutarum

4 1287 5 1292 ¹
92 1280 170 1323 more
186 1264 214 1320 ιι
224 1261 317 1322 stadio
329 1261 404 1320 humi
418 1259 549 1320 assidens
561 1278 605 1338 ac,
619 1262 643 1320 si
655 1279 711 1340 qua
721 1262 801 1339 paria
813 1262 929 1339 longius
940 1264 1084 1323 recessis-

4 1387 9 1462 ι
91 1354 163 1422 seut,
176 1346 204 1404 in
215 1344 337 1404 medium
350 1343 479 1418 manibus
491 1346 550 1404 suis
565 1345 748 1424 protrahens.
770 1344 976 1406 Destinarerat
988 1348 1083 1424 etiarn,

4 1465 6 1478 ι
92 1432 157 1509 quia
166 1428 333 1509 Apollinem
344 1436 440 1505 cautu,
452 1428 551 1488 Solem
563 1428 722 1505 aurigando
736 1430 927 1509 aequiperare
939 1430 1083 1490 existima·
1103 1441 1107 1447 '

91 1522 178 1590 retur,
190 1513 292 1574 imitari
305 1522 334 1572 et
343 1511 478 1572 llerculis
489 1513 580 1581 factm
597 1521 858 1592 praeparatumque
871 1511 986 1572 leonem
998 1517 1083 1590 aiunt,

4 1607 8 1612 ”
57 1614 81 1656 ιι
91 1615 174 1677 quem
186 1597 234 1656 uel
247 1597 330 1657 olava
341 1595 389 1655 rel
402 1595 584 1656 brachiorum
596 1595 718 1656 nexibus
735 1597 764 1656 ιι
782 1595 984 1675 amphitheatri
997 1613 1084 1656 arena

90 1687 240 1761 spectante
258 1679 369 1780 pupplo
379 1679 470 1739 nudus
483 1679 614 1739 elideret
650 1678 709 1738 Sub
722 1681 800 1741 exitu
817 1677 933 1760 quidem
945 1680 1022 1740 vitae
1036 1685 1128 1760 path

89 1765 145 1838 lam
162 1773 292 1840 voverat,
305 1762 391 1823 sislbi
402 1763 554 1823 incolumis
566 1770 656 1824 status
671 1765 888 1843 permansisset,
906 1763 1085 1863 proditurum

90 1867 122 1908 se
135 1857 233 1927 partae
246 1849 386 1931 rictopiae
398 1845 473 1906 ludis
484 1850 568 1908 etiarn
580 1847 747 1921 hydraulam
758 1857 788 1907 et
799 1847 967 1908 choraulam
978 1856 1007 1908 et
1015 1848 1083 1907 utri·

89 1931 244 2008 culariurn,
260 1931 463 1992 nonovissimo
484 1930 530 1990 die
548 1930 717 1991 histrionem
734 1930 959 2010 aaltaturumque
977 1931 1084 2009 Virgili
1111 1941 1178 2000 i„

4 2011 6 2090 l
52 2032 78 2073 ao
91 2015 225 2076 Turnum.
258 2015 296 2076 itt
306 2023 372 2074 suut
383 2033 431 2093 qur
424 2015 564 2091 tradant
574 2014 706 2075 Paridem
720 2016 889 2076 hustrronem
901 2033 1029 2075 occisum
1046 2013 1083 2076 ab

88 2116 125 2159 eo
138 2101 219 2177 quasi
230 2116 351 2177 gravem
363 2097 567 2159 aduersarium.
588 2098 661 2158 Erat
670 2099 712 2158 illi
721 2101 898 2161 aeternitatis
910 2099 1124 2179 perpetuae-55

4 2209 6 2258 i
87 2199 146 2262 que
166 2183 259 2242 lamae
281 2183 396 2261 cupido,
415 2181 467 2241 sed
485 2181 656 2243 inconsulta
690 2182 820 2262 ideoque
836 2183 931 2244 multis
949 2183 1037 2243 rebus
1049 2201 1085 2246 ao

4 2261 5 2270 ’
86 2266 172 2342 locis,
185 2276 286 2326 vetere
299 2265 497 2344 appellatione
512 2265 658 2343 detracta,
678 2284 782 2327 nouam
799 2267 900 2327 indixit
918 2286 955 2327 ex
967 2283 1019 2328 sno
1032 2283 1083 2328 no·

4 2363 5 2366 ’
85 2350 179 2429 mine,
191 2367 319 2412 mensem
337 2367 454 2428 quoque
471 2348 603 2430 Aprilem
618 2349 784 2410 Neroneum
802 2351 976 2430 appellarim
996 2351 1083 2444 desti·

49 2443 76 2485 ιι
85 2442 207 2494 narerat
219 2442 248 2494 et
258 2435 379 2494 Romam
388 2433 561 2514 Neropolim
571 2452 746 2513 nuncupare.

149 2517 334 2596 Religionum
341 2535 434 2596 usque
443 2535 558 2598 quaque
571 2525 765 2597 contempior,
778 2525 896 2596 praeter
908 2519 990 2578 unius
1000 2517 1082 2577 Deae
1080 2479 1126 2567 56

85 2602 200 2676 Spu-iae.
222 2600 892 2680 llancmoxitasprevituturiuacontaminaret
897 2601 1082 2681 ,aliasuper·

4 2675 6 2750 7
84 2686 204 2745 stitione
218 2685 361 2764 captus,
353 2703 381 2746 ιι
393 2703 447 2764 (ιιι
468 2685 531 2746 sola
548 2686 779 2786 pertinacissime
798 2685 900 2744 haesit.
935 2684 1083 2764 Siquidem

4 2751 6 2846 5
83 2768 248 2830 icuuculam
265 2768 435 2848 puellarem,
456 2786 519 2830 cum
532 2771 613 2849 quasi
630 2769 787 2830 remedium
804 2768 969 2829 insidiarum
988 2788 1004 2830 a
1020 2768 1081 2849 ple-

9 2851 335 2932 obstupesceret
351 2854 453 2930 ignoto
470 2855 580 2914 muneri
598 2855 777 2933 accepisset,
796 2852 910 2914 detecta
929 2854 1083 2914 confestim

81 2937 295 3014 coniuratione,
307 2955 362 3017 pro
374 2953 484 2998 summo
495 2939 608 2999 numine
619 2939 778 3016 trinisque
770 2956 799 2998 ιι
811 2937 857 2997 dle
869 2937 1020 2998 sacrificiis
1034 2954 1081 2998 co·

80 3021 149 3082 lere
167 3023 388 3102 perseveravit,
410 3019 586 3102 volebatque
612 3021 692 3082 credi
715 3021 873 3082 monitione
898 3023 960 3081 eius
988 3021 1082 3081 lutura

80 3120 294 3184 praenoscere.
320 3104 396 3164 Ante
415 3123 525 3184 paucos
545 3123 628 3184 quarn
650 3106 760 3184 periret
778 3123 894 3165 menses
913 3103 1033 3165 attendit
1053 3109 1083 3192 et

80 3189 254 3266 extispicio,
267 3204 466 3288 necunquam
478 3189 578 3250 litavit.

4 3277 70 3330 lea
152 3269 236 3332 Obiit
241 3271 406 3333 tricensimo
419 3283 449 3334 et
460 3272 587 3334 secundo
603 3273 704 3333 aetatis
713 3288 798 3351 anno,
810 3272 856 3332 die
867 3289 924 3350 quo
938 3268 1124 3350 quondamdl

29 3353 260 3418 Octaviam
251 3365 438 3418 ruterernerat
444 3365 634 3435 ,tantumque
651 3356 785 3434 gaudium
804 3355 922 3436 publice
939 3352 1082 3433 praebuit,

78 3447 113 3498 ut
124 3431 216 3519 plebs
231 3439 352 3518 pilleata
365 3449 426 3502 tota
443 3437 515 3500 urbe
533 3440 719 3502 discurreret.
748 3440 786 3500 Et
803 3450 896 3500 tamen
913 3455 972 3497 nou
982 3436 1081 3498 delue-

4 3539 6 3598 J
77 3532 150 3586 ιιιιιι
162 3525 211 3606 qui
222 3542 276 3603 per
290 3523 409 3602 longum
420 3533 533 3606 tempus
547 3524 645 3636 vernis
664 3525 839 3604 aestivisque
857 3521 977 3584 floribus
992 3531 1081 3582 tumu-
