2416 3876
146 171 209 234 278
418 181 449 230 c.
471 179 637 230 sunrourr
659 177 876 238 rnuuauuunr

25 339 26 344 ’
145 331 182 401 tt
201 331 257 400 καὶ
280 327 360 412 τοὺς
381 327 630 419 ἀστραγάλους,
654 333 689 396 οἳ
709 328 764 396 καί
781 323 913 416 ἀστριες
932 327 989 395 καὶ
1007 321 1160 433 ἀστριχογ

19 3563 82 3577 47

145 418 304 503 λέγονταί
346 435 446 504 φησι,
473 412 614 491 πτώσεις
634 414 777 480 ἕκαστον
797 417 884 498 ἔχειν
904 415 1069 499 τέσσαρας
1082 437 1145 480 κατ

144 498 327 570 ἀντίθετον
341 499 562 588 συγκειμένας
574 493 696 584 ὁμοίως
710 494 814 587 κύβῳ.
836 497 951 582 ἔχουσι
967 497 1020 581 δέ,
1037 515 1156 583 φησιν,

145 582 359 672 ἀντικείμενα
369 581 501 673 μονάδα
517 583 574 651 καὶ
591 580 701 665 ἑξάδα,
715 580 784 647 είτα
797 581 917 668 τριάδα
931 577 987 648 καλ
1001 579 1157 667 τετράδα.

144 667 165 759 ἡ
182 665 247 757 γάρ
264 668 348 750 δυάς
360 686 445 756 φασι
461 668 517 736 καὶ
530 662 652 744 πεντὰς
665 663 718 732 ἐπὶ
730 662 847 750 κόβιον
857 662 967 752 μόνον
978 671 1184 751 narratura-s

144 757 310 844 βάνονται
329 748 374 833 ῶς
394 749 539 837 ἐχόντων
561 752 757 838 ἐπιφανείας
775 751 819 830 ἓξ.
854 750 910 818 καλ
926 746 1058 818 ὅτιτῶν
1073 744 1172 816 κατά-

144 834 224 916 τούς
244 833 476 926 ἀστραγάλους
497 833 657 904 πτῶσεων
677 836 714 901 ut
731 833 794 919 μὲν
808 837 901 902 θεῶν
917 839 1002 902 είσιν
1022 831 1161 901 ἐτάνυ-

144 949 223 1012 μοι,
250 925 288 989 αι’
308 921 344 990 δὲ
365 917 504 1011 ἡρῶων,
529 924 568 988 αί
585 917 622 988 δὲ
661 919 814 1004 οισιλίων,
831 921 868 986 αί
881 915 919 986 δέ
934 916 1081 999 ἐνδόξων
1093 913 1161 984 ἀν-

145 1011 253 1095 δρῶν,
272 1009 309 1073 αί
321 1006 357 1074 δέ
373 1008 559 1093 ἑταιρίδων.
587 1008 619 1071 Λ
635 1027 729 1090 γεται
742 1003 783 1070 δέ
792 1027 842 1080 τις
856 1005 893 1071 ἐν
907 997 1037 1088 αὐταῖς,
1060 1021 1157 1088 φησι,

144 1092 201 1161 καὶ
222 1093 445 1179 Στησίχορος,
468 1089 524 1157 καὶ
545 1089 640 1173 ἑτέρα
661 1081 855 1173 Εὐριπίδης.
874 1083 946 1154 Ἔτι
966 1087 1056 1173 λέγει
1070 1087 1192 1163 ἐκεῖ-ιι

144 1201 205 1253 νος
225 1168 243 1242 ὁ
267 1170 314 1242 τά
337 1175 513 1261 περὶτῆς
533 1167 1011 1256 καθ’Ἕλληναςπαιδιᾶς
1025 1169 1157 1258 γράψας

144 1262 202 1328 καὶ
217 1253 269 1326 ότι
284 1261 352 1324 τῶν
369 1253 454 1327 κατά
475 1251 556 1335 τούς
571 1251 803 1343 ἀστραγάλους
824 1254 937 1342 βόλων
955 1250 974 1324 ὃ
1011 1254 1049 1323 ἐν
1063 1250 1106 1323 τά
1123 1258 1157 1335 ἓξ

146 1340 338 1427 δυνάμενος
359 1345 456 1435 Κῷος
476 1340 532 1408 καί
554 1341 659 1428 ἑξίτης
681 1339 832 1425 ἐλέγετο,
859 1335 878 1410 ὁ
900 1338 938 1408 tt
956 1365 995 1409 το
1010 1343 1048 1408 ἓν
1061 1347 1157 1423 Χίος,

145 1432 194 1496 ἐτι
208 1425 246 1495 δὲ
261 1425 317 1494 καὶ
333 1425 436 1494 κάων.
458 1420 542 1493 ὅθεν
557 1430 616 1492 καί
627 1450 676 1502 τις
690 1431 869 1510 παροιμία·
891 1431 972 1502 Χῖος
985 1419 1161 1511 παραστὰς

146 1513 248 1602 Κῶον
262 1506 328 1578 οὐκ
345 1509 445 1596 ἐάσω,
460 1499 501 1596 ἧς
515 1511 689 1597 μέμνηταί,
708 1530 801 1618 φησι,
819 1506 982 1594 Στράττις
995 1511 1033 1576 ἐν
1048 1510 1113 1598 τῷ·
1171 1543 1194 1584 1⁵

312 1603 394 1675 Χίος
405 1592 575 1682 παραστὰς
589 1596 692 1684 Κῶον
709 1620 772 1662 ουκ
787 1597 825 1684 ἐᾷ
837 1595 965 1679 λέγειν·

142 1686 245 1747 Ἔνθα
260 1680 470 1766 ἐνθυμητέον
484 1680 539 1746 καὶ
555 1672 592 1745 τό
607 1679 669 1746 τοῦ
682 1681 848 1764 κωμικοῦ·

209 1765 384 1831 πέπτωκεν
399 1766 460 1845 ἔξω
476 1766 544 1829 τῶν
561 1765 690 1846 κακῶν,
706 1757 748 1831 οά
766 1768 846 1841 Χίος
860 1757 945 1828 ἀλλά
958 1767 1070 1846 Κεῖος,

145 1847 201 1915 καὶ
222 1842 429 1956 νοητέονεῶρ
449 1841 470 1933 ἢ
495 1852 657 1949 ξσφαλται
676 1872 697 1933 ιγ
711 1841 825 1934 γραφὴ
844 1849 908 1914 τοῶ
919 1852 1020 1947 Krios
1034 1843 1058 1936 ἢ
1071 1843 1161 1913 ἀλλά

144 1929 1189 2104 {Zssiffssiiir'ii‘iri‘ss’aiiiffi’y'ssassffssaiffliisszi25⁷²&ssss²⁰

146 2097 204 2178 δός
220 2127 252 2167 τι
274 2105 413 2186 κυβείας
426 2099 483 2167 καί
496 2098 608 2184 πόλις,
627 2101 664 2166 ἐν
679 2088 718 2190 ᾖ,
733 2097 858 2187 ψήφων
871 2101 1006 2166 πολλῶν
1022 2103 1061 2170 έν
1082 2103 1162 2169 δια-

145 2185 391 2271 γεγραμμόναις
412 2183 481 2265 τισί
500 2182 622 2271 χῶραις
641 2186 823 2271 κειμένων,
845 2179 971 2268 ἐγίνετο
996 2178 1161 2254 ἀνταναό·

146 2285 247 2351 ρεσις.
277 2267 333 2335 καὶ
357 2270 540 2336 ἐκαλοῦντο
567 2271 605 2335 αί
623 2267 686 2354 μὲν
712 2267 893 2354 γραμμικαὶ
919 2269 1022 2353 χῶραι
1043 2268 1159 2348 πόλεις

146 2348 373 2440 ἀστειότερον,
396 2355 434 2420 αί
444 2350 481 2420 δὲ
497 2347 843 2439 ἀντεπιβουλεάουσαι
865 2347 1024 2437 ἀλλήλαις
1048 2357 1199 2442 ψῆφοιηρ

146 2435 248 2516 κάνες
271 2432 328 2505 διά
356 2431 394 2506 τὸ
420 2440 528 2524 δῆθεν
554 2432 698 2515 ἀναιδές.
749 2441 934 2504 Ειιειιιτίιίιιε
961 2443 1005 2502 ud
1028 2443 1161 2506 numera·
1196 2463 1197 2468 ¹

147 2526 198 2589 θίί
215 2536 294 2589 δι]
322 2537 388 2590 107.

193 2545 240 2673 1ΙΙΙ.
279 2573 386 2691 ίῚερὶ
412 2609 492 2673 τῶν
513 2600 857 2694 παρόιῬωμιιίοις
875 2607 1068 2691 θεωριῶν
1091 2607 1159 2675 καλ

146 2684 316 2778 ἀγόνων
335 2696 481 2777 βιβλία
506 2687 547 2777 β.
592 2695 720 2757 Suu'dus.

211 2781 302 2857 Quam
324 2799 385 2840 rern
405 2791 434 2842 et
450 2782 499 2843 alii
517 2781 597 2843 docti
611 2783 666 2841 viri
682 2791 711 2841 et
728 2781 884 2841 Suetonius
903 2783 987 2842 etiam
1002 2782 1154 2861 Tranquil-

146 2864 1157 2945 lusinlibroludiarauhistoriaeprimusatisuompurtanr

147 2966 215 3012 esse
233 2951 364 3027 satisque
380 2967 469 3028 super
492 2968 528 3010 ea
545 2957 681 3010 constare
702 2949 846 3011 adfirmat:
868 2952 982 3010 nervias
1003 2951 1031 3008 in
1053 2949 1157 3010 fidibus

147 3032 269 3093 brumali
284 3033 330 3092 die
346 3032 418 3094 alias
433 3033 533 3112 digitis
549 3033 636 3114 pelli,
653 3034 725 3094 alias
741 3051 858 3094 sonare.
889 3032 1005 3093 Gellius
1021 3041 1047 3109 9,
1063 3043 1091 3098 7.

210 3117 250 3179 Ut
265 3118 303 3177 ait
318 3116 474 3178 Suetonius
490 3118 689 3196 Tranquillus,
705 3117 785 3178 lusus
801 3120 867 3197 ipse
882 3135 967 3195 quem
986 3118 1076 3196 uulgo
1090 3135 1156 3197 pyr·

147 3199 257 3261 riuham
271 3199 421 3282 appellant
438 3202 525 3263 Troia
542 3211 679 3278 voratur,
698 3204 778 3262 cuius
794 3202 935 3280 originum
952 3205 1102 3280 expressit
1122 3204 1156 3262 in

147 3283 247 3345 iibro
269 3284 310 3345 δε
331 3302 530 3363 puerorum
553 3285 712 3346 lusibus.
748 3285 878 3347 Seruius
900 3286 944 3346 ud
972 3284 1062 3367 Very.
1078 3284 1180 3348 Auru,

211 3448 354 3511 Ludururn
370 3453 455 3530 origo
473 3454 516 3514 sic
530 3449 659 3514 traditur.
710 3453 807 3532 Lydus
829 3471 867 3513 ex
886 3452 957 3512 Asia
984 3461 1154 3512 transvenas
