2412 3876
468 201 573 250 ortus
589 201 717 259 ruerus.
1055 191 1092 254 13

90 373 149 434 qne
171 355 300 416 ordinum
322 372 432 430 genere
453 355 501 414 rel
524 356 658 418 invitatos
679 356 726 415 vel
743 363 847 435 sponte
869 355 905 416 ad
920 375 952 416 se
970 374 1093 418 comme-

90 440 165 498 antis
179 439 322 498 uberrimo
337 439 486 515 congiario
503 440 750 518 prosequebatur,
766 439 888 502 libertos
900 441 1018 519 iusuper
1033 460 1093 500 ser·

91 522 236 602 vulosquc
250 522 404 600 cuiusque,
421 532 505 602 prout
518 523 632 583 domino
649 533 810 602 patronoue
824 532 924 600 gratus
939 525 987 602 qui
1003 535 1091 586 esset.

4 643 5 650 ι
90 606 163 668 Τιιιιι
184 623 300 665 reorum
321 614 368 664 aut
384 603 585 669 obaeratorum
605 617 652 668 aut
668 607 809 686 prodigae
827 608 981 668 iuventutis
1001 609 1092 669 subsi-

4 735 5 750 ι
67 690 168 756 edium
182 692 295 750 unicum
315 707 350 749 ac
368 690 609 768 promptissimum
624 699 702 766 erat,
726 690 781 750 nisi
804 707 877 768 quos
898 693 1017 768 gravior
1038 693 1092 754 cri·

72 793 74 798 ’
89 777 197 834 minum
211 773 258 832 vel
276 775 390 852 inopiae
405 774 572 833 luxuriaeue
591 774 634 834 vis
648 783 783 852 urgeret,
805 791 887 852 quam
905 784 933 834 ut
946 775 1092 837 subveniri

4 865 6 926 l
91 867 194 938 posset
213 877 229 917 a
251 876 299 926 se;
321 857 365 916 bis
386 857 472 937 plane
486 857 580 936 palam
596 856 675 920 bello
694 858 778 920 cicili
791 875 871 936 opas
885 875 954 918 case
968 859 1092 920 dicebat

90 943 154 1002 Nec
178 943 288 1001 minore
311 941 405 1001 studio
422 959 510 1018 reges
531 950 617 1019 atque
635 943 800 1020 provincias
821 959 873 1019 per
894 952 1033 1003 terrarum
1049 960 1094 1002 or·
1084 955 1136 1010 aa

4 1079 8 1118 ,
91 1027 158 1086 bem
179 1024 350 1100 adiiciebat,
376 1025 440 1085 aliis
461 1027 642 1105 captivorum
664 1025 740 1086 milia
762 1024 838 1088 douo
859 1019 1002 1102 offerens,
1031 1027 1094 1088 aliis

4 1119 13 1248 ι
57 1135 83 1175 ιι
93 1110 164 1171 citra
179 1118 297 1168 senatus
304 1108 479 1188 populique
486 1110 701 1185 auctoritatem,
718 1125 775 1187 quo
790 1108 900 1168 vellent
915 1119 944 1168 et
960 1111 1094 1187 quotiens

4 1255 6 1262 ,
91 1193 215 1270 vellent,
241 1191 347 1254 auxilia
372 1191 557 1268 submittens,
585 1208 731 1271 superque
756 1191 856 1252 ltaliae
880 1192 1093 1272 Galliarumque

4 1269 10 1306 ‘³
92 1287 120 1338 et
124 1239 353 1356 Hispaniarum,
371 1276 459 1335 Asiae
477 1293 592 1354 quoque
615 1286 643 1336 et
659 1276 799 1336 Graeciae
815 1277 1030 1374 potentissimas
1049 1296 1093 1340 ur·

91 1361 146 1422 bes
161 1361 330 1440 praecipuis
342 1359 479 1439 operibus
491 1376 650 1426 exornans;
667 1359 776 1435 donec,
792 1361 941 1420 attonitis*
933 1380 987 1420 ram
1004 1364 1092 1421 omni·

13 1440 17 1448 ’
90 1445 161 1520 bus,
180 1452 213 1506 et
236 1460 372 1522 quorsum
395 1443 445 1503 illa
469 1436 620 1504 tenderent
642 1444 854 1522 reputantium,
875 1443 990 1506 Marcus
1009 1443 1092 1506 Glau-

4 1557 5 1562 1
58 1551 81 1592 ιι
91 1529 156 1592 drus
171 1527 327 1588 lilarcellus
349 1527 450 1587 consul
465 1527 561 1587 edicto
577 1527 742 1606 praelatus,
764 1527 800 1587 de
818 1545 924 1588 summa
939 1548 972 1588 se
987 1547 1019 1588 re
1043 1548 1092 1608 pu·

89 1611 169 1672 blica
184 1620 328 1688 acturum,
349 1611 458 1672 rettulit
480 1610 514 1671 ad
536 1621 678 1687 senatum,
699 1620 728 1670 ut
751 1613 778 1670 ei
800 1610 1007 1672 succederetur
1028 1621 1093 1672 ante

90 1707 224 1774 tempus,
242 1696 374 1773 quoniam
388 1694 468 1756 bello
482 1695 618 1756 coniecto
634 1713 691 1772 pax
706 1703 785 1754 esset
807 1711 842 1754 ac
858 1694 956 1754 dimitti
973 1693 1093 1754 deberet

14 1815 16 1824 ,
92 1783 187 1840 victor
217 1780 434 1853 exercitusret
461 1797 497 1838 ne
523 1778 650 1840 absentis
679 1779 752 1838 ratio
779 1777 900 1838 comitiis
926 1777 1092 1853 haberetur,

4 1864 11 1986 ι
92 1862 283 1943 quandojqqq
294 1861 372 1941 plebi
389 1863 463 1922 scito
479 1862 632 1941 Pompeius
649 1869 751 1940 postea
765 1861 953 1942 pbrogassat.
991 1862 1093 1942 (Acci-
1123 1850 1154 1926 b:

4 1987 6 2028 ὲ
57 1949 175 2008 roderet
191 1946 300 2022 autem,
317 1955 347 2005 ut
362 1948 386 2005 is
402 1946 498 2024 legem
515 1946 550 2005 de
565 1947 626 2004 iure
643 1947 860 2022 magistratuum
879 1947 978 2008 ferens
994 1963 1030 2006 eo
1047 1964 1093 2006 ca·

4 2031 6 2066 ³
92 2032 169 2110 pite,
193 2047 248 2108 quo
271 2029 409 2108 petitione
429 2029 570 2088 honorum
592 2027 721 2088 absentis
742 2029 943 2108 submovebat,
966 2049 1003 2092 nc
1021 2029 1092 2092 Gae-

9 2124 12 2130 '
91 2132 188 2178 sarem
204 2113 317 2192 quidem
334 2114 500 2192 exciperet,
517 2131 570 2193 per
591 2112 779 2182 obliviouorm
800 2133 835 2174 ao
849 2132 933 2190 mox,
950 2114 1017 2192 lege
1039 2117 1094 2174 iam

4 2196 15 2274 ,²
91 2200 120 2258 in
143 2215 195 2257 aes
218 2198 310 2258 incisa
333 2207 361 2256 et
384 2197 413 2256 in
437 2199 578 2258 aerarium
599 2196 729 2273 condita,
752 2199 913 2276 corrigeret
935 2199 1091 2274 errorem.)

4 2275 10 2356 l
90 2281 155 2342 Nec
181 2288 332 2340 contentus
352 2280 509 2341 Marcellus
531 2282 695 2360 provincias
716 2279 836 2342 Caesari
859 2291 888 2342 et
911 2282 1093 2360 privilegium

4 2369 16 2434 J·
58 2366 227 2443 aeripere,
252 2363 348 2424 retulit
370 2365 471 2440 etiam,
497 2374 526 2424 ut
553 2365 679 2442 colonis,
706 2382 780 2444 quos
805 2367 957 2442 rogatione
980 2367 1093 2425 Vatinia

90 2449 207 2510 Novum
232 2446 350 2508 Gomurn
376 2447 559 2524 deduxisset,
586 2451 687 2509 civitas
718 2449 906 2525 adimeretur,
934 2447 1012 2526 quod
1040 2465 1094 2526 per

91 2532 278 2594 ambitionem
293 2541 322 2590 et
337 2533 409 2591 ultra
426 2533 637 2610 praescriptum
653 2532 718 2592 data
735 2541 823 2592 esset.

156 2613 324 2678 Commotus
344 2615 388 2674 his
410 2613 533 2692 Caesar,
555 2633 590 2674 ac
612 2615 757 2692 iudicans,
779 2614 862 2712 quod
881 2631 971 2693 saepe
997 2632 1034 2672 ex
1057 2623 1135 2678 cett

92 2699 216 2762 auditum
237 2701 349 2776 ierunt,
374 2697 535 2778 difficilius
557 2717 591 2758 cc
607 2699 777 2778 principem
801 2697 936 2760 civitatis
956 2699 1092 2776 aprimo

57 2803 83 2844 ao
93 2783 236 2846 ordine
223 2803 256 2844 ιιι
270 2783 435 2845 secundam
455 2801 547 2864 quam
572 2801 611 2842 ec
628 2781 791 2844 secundo
779 2803 811 2843 ιιι
827 2783 1024 2844 nouissimam
1041 2783 1090 2844 de-

93 2867 192 2943 trudi,
207 2886 315 2928 summa
331 2885 388 2947 ope
404 2869 523 2947 restitit,
537 2869 639 2945 partim
655 2885 709 2946 per
725 2868 937 2927 intercessores
954 2866 1093 2943 tribunos,

92 2954 196 3030 partim
213 2971 267 3032 per
283 2951 414 3012 Servium
429 2952 585 3032 Sulpicium
601 2951 722 3012 alterum
736 2951 893 3012 consulem.
928 2949 1094 3030 Insequenti

16 3038 19 3073 ³
92 3049 311 3124 ιιιιιιιιιιιιιιιο
319 3035 389 3100 Gaio
405 3034 563 3111 Marcello,
581 3038 627 3115 qui
643 3036 724 3096 fratri
741 3035 863 3114 patrueli
882 3053 933 3094 suo
950 3036 1074 3096 Mareo'
1066 3053 1094 3094 m

93 3115 249 3182 consulatu
259 3129 458 3198 successerat,
480 3119 580 3180 eadem
601 3128 774 3198 temptante,
798 3119 942 3198 collegam
958 3121 1020 3178 eius
1037 3119 1093 3178 Ae

56 3199 212 3275 aemilium
215 3199 350 3281 Paulum,
373 3201 530 3283 Gaiumque
547 3203 700 3264 Curionem
716 3203 952 3265 violentissimum
968 3202 1094 3264 tribuno

18 3316 20 3325 =
90 3307 154 3348 rum
176 3289 289 3365 ingenti
303 3287 438 3349 mercede
460 3288 632 3348 defensores
648 3287 768 3366 paravit.
814 3288 872 3348 Sed
890 3306 952 3349 cum
969 3287 1094 3346 obstina-

90 3373 149 3432 tius
165 3373 261 3434 omnia
282 3375 330 3451 agi
349 3372 463 3432 rideret
483 3381 511 3431 et
533 3371 701 3448 designatos
723 3373 808 3432 etiam
828 3371 963 3432 consules
980 3389 995 3430 e
1013 3379 1094 3448 parte

4 3479 17 3545 ss
91 3455 225 3528 diversa,
248 3453 378 3518 senatum
397 3457 500 3518 litteris
517 3456 692 3536 deprecatus
716 3465 775 3534 est,
798 3473 835 3515 ne
853 3454 908 3514 sibi
924 3454 1095 3514 beneficium
