2444 3872
84 189 145 250 126
174 199 204 247 c.
220 196 370 246 suuronr
386 195 514 255 unaue.
529 194 577 241 ou
591 194 675 242 vrrs
692 193 875 242 cassanum
890 195 958 242 urs.
973 193 1038 242 1111.

75 339 121 417 ‘Ut
140 355 236 414 levior
255 350 339 412 labor
356 349 546 410 iudicantibus
561 349 652 425 leret,
674 347 709 408 ad
727 355 863 426 quattuor
879 349 987 425 prioris
1002 351 1084 427 quin·

82 448 139 498 tarn
154 437 299 496 decuriam
315 433 431 495 addidit.
467 432 630 511 Temptavit
652 441 681 491 et
699 433 879 492 comitiorum
899 449 981 492 more
996 450 1084 493 revo-

82 531 149 582 cato
162 520 298 596 suffragia
315 518 426 597 populo
446 516 580 577 reddere.
608 515 716 593 Legata
735 533 773 575 ex
793 523 965 577 testamento
983 515 1084 576 Tiberi

81 621 251 686 quamquam
271 601 398 678 abolito,
423 601 476 660 sed
495 610 525 661 et
543 599 633 661 luliae
651 599 820 678 Augustae,
849 600 928 678 quod
949 599 1084 660 Tiberius

82 695 301 770 suppresserat,
327 703 391 746 cum
411 686 468 744 lide
489 702 524 745 ac
544 686 606 744 sine
620 682 758 745 calumnia
778 692 998 763 repraesentata
1013 701 1111 763 per-t
1126 675 1209 776 capi

43 767 57 798 ³'
82 775 178 836 solvit.
215 771 448 831 Ducentesimam
470 770 633 829 auctionum
654 766 755 828 ltaliae
772 770 896 839 remisit;
924 769 1020 828 multis
1041 770 1085 827 in·

49 913 53 920 ,
82 856 249 920 cendiorum
278 854 379 914 damna
409 852 569 933 supplevit;
592 869 627 912 ac
654 852 679 911 si
705 851 808 930 quibus
833 869 926 929 regna
948 853 1085 928 restituit,

42 939 46 946 ’
82 942 188 1003 adiecit
210 947 240 1000 ct
266 938 390 998 fructum
413 955 526 997 omnem
553 935 776 1014 uectigaliorum
796 943 827 994 et
855 935 978 996 reditum
998 935 1086 995 medii

40 1019 44 1028 ’
80 1025 237 1104 temporis,
261 1030 292 1081 ut
313 1020 460 1081 Antiocho
483 1017 680 1098 Commageno
708 1021 873 1080 sestertium
892 1019 993 1103 *milies
1014 1036 1085 1079 eon·

82 1111 222 1168 liscatum.
258 1105 382 1182 Quoque
397 1105 490 1180 magis
504 1104 609 1163 nullius
624 1121 684 1163 neu
704 1103 774 1163 boni
792 1103 919 1183 exempli
934 1103 1031 1164 fautor
1042 1105 1084 1162 vi·
1095 1119 1125 1160 10

53 1247 68 1256 ..
81 1181 215 1266 deretur,
238 1188 351 1247 mulieri
375 1187 527 1247 libertinae
549 1189 699 1265 octoginta
721 1187 854 1263 donarit,
881 1187 959 1266 quod
978 1205 1084 1247 excru-

83 1278 156 1336 ciata
184 1274 364 1351 gravissimis
393 1273 543 1332 tormentis
563 1272 600 1331 de
630 1271 746 1331 scelere
770 1273 885 1349 patroni
905 1272 1084 1331 reticuisset.

82 1360 161 1436 Quas
185 1355 223 1416 ob
239 1375 288 1416 res
308 1358 384 1416 inter
404 1357 536 1434 reliquos
554 1356 680 1415 bonores
698 1354 834 1415 decretus
856 1362 901 1414 est
922 1357 949 1415 ei
970 1355 1086 1434 clipeus

82 1460 200 1518 aurens,
223 1459 307 1520 quern
325 1448 396 1519 quot
418 1441 499 1500 annis
530 1448 612 1500 certo
639 1439 685 1499 die
706 1439 833 1516 collegia
855 1439 1039 1500 sacerdotum
1054 1439 1086 1498 iu

83 1525 257 1604 Capitolium
275 1525 399 1601 ferrent,
425 1533 526 1584 senatu
547 1532 761 1603 prosequente,
790 1522 994 1602 nobilibusque
1013 1541 1121 1602 pue-ts
1167 1566 1171 1573 ·

81 1613 123 1670 ris
137 1627 173 1670 ac
188 1609 294 1688 puellis
310 1611 435 1668 carmine
454 1607 600 1669 modulato
622 1605 723 1668 laudes
739 1609 873 1667 virtutum
895 1609 956 1666 eius
978 1625 1084 1666 canen·

81 1695 166 1754 tibus.
187 1693 344 1753 Decretum
366 1701 458 1752 autem
475 1701 506 1751 ut
519 1690 597 1768 dies,
619 1710 676 1772 quc
690 1693 820 1770 cepisset
840 1693 1007 1770 imperium,
1031 1690 1085 1750 Pa-

40 1810 55 1849 s
80 1778 146 1838 rilia
172 1786 340 1853 vocaretur,
374 1775 453 1835 velut
483 1786 678 1853 argumentum
702 1794 802 1835 rursus
832 1776 965 1836 conditae
993 1773 1084 1834 urbis.

39 1868 72 1923 17
146 1859 319 1921 Consulatus
335 1868 468 1939 quattuor
481 1861 590 1938 gessit,
610 1861 732 1937 primum
745 1879 782 1919 ex
797 1858 843 1919 lll.
865 1859 918 1919 lul.
942 1876 995 1938 per
1009 1856 1084 1918 duos

80 1964 214 2021 menses,
237 1943 394 2004 seeundum
414 1962 452 2003 ex
472 1943 519 2004 lll.
534 1942 595 2003 lan.
620 1961 674 2022 per
698 1963 767 2003 xxx.
787 1943 866 2020 dies,
897 1945 1010 2002 tertium
1036 1961 1122 2002 usae

82 2047 138 2108 que
153 2031 182 2088 in
200 2028 267 2089 ldus
282 2027 353 2105 lan,
370 2037 499 2106 quartum
513 2046 604 2106 usque
625 2029 777 2106 septimum
793 2027 860 2087 Idus
876 2027 1003 2087 easdem.
1038 2027 1087 2087 Ex

81 2112 214 2172 omnibus
239 2110 311 2171 dues
337 2113 512 2172 novissimos
531 2113 688 2170 coniunxit.
721 2110 848 2171 Tertium
868 2120 963 2171 autem
986 2110 1083 2187 Lugu-

81 2196 147 2257 duni
169 2195 229 2254 im'ii
247 2194 345 2270 solus,
369 2213 426 2255 non
447 2203 478 2253 ut
494 2195 607 2275 quidam
635 2196 789 2274 opinantur
818 2195 954 2274 superbia
980 2194 1085 2271 negle-

81 2281 233 2357 gentiave,
256 2278 309 2337 sed
331 2278 408 2355 quod
426 2278 590 2338 defunctum
611 2279 663 2338 sub
680 2278 873 2340 Kalendarum
894 2279 969 2338 diern
992 2277 1084 2337 eolle-

31 2422 34 2429 .
80 2382 147 2441 gam
168 2364 295 2423 rescisse
317 2362 422 2421 absens
443 2380 501 2423 non
523 2371 665 2441 patuerat.
702 2362 888 2440 Congiarium
910 2362 1021 2441 populo
1038 2361 1084 2421 bis
1093 2379 1119 2421 nu

81 2445 160 2507 dedit
176 2457 313 2508 trecenos
343 2450 512 2524 sestertios,
545 2449 651 2506 totiens
671 2446 941 2507 abundantissimum
968 2446 1086 2524 epulum

81 2534 192 2592 senatui
212 2533 398 2612 equestrique
420 2530 524 2607 ordini,
541 2531 626 2591 etiam
649 2530 820 2608 coniugibus
836 2549 870 2591 ac
887 2530 987 2590 liberis
1004 2537 1084 2589 utro·

80 2633 214 2693 rumque;
236 2617 402 2693 posteriore
418 2615 506 2694 epulo
527 2615 657 2675 forensia
675 2616 795 2695 insuper
811 2617 898 2692 viris,
919 2614 1033 2675 lerninis
1050 2632 1086 2673 ac

12 2739 13 2742 ,
81 2699 180 2777 pueris
197 2698 305 2757 fascias
326 2717 472 2777 purpurae
494 2718 528 2760 ac
551 2698 696 2773 conchylii
710 2698 862 2759 distribuit.
893 2697 932 2758 Et
955 2705 986 2756 nt
1002 2697 1084 2757 laeti-

80 2783 148 2840 tiam
168 2779 313 2860 publicam
333 2783 362 2840 in
381 2791 552 2862 perpetuum
572 2800 690 2862 quoque
712 2792 849 2860 augeret,
878 2782 984 2842 adiecit
1009 2781 1119 2840 diemto

82 2864 280 2924 Saturnalibus
299 2865 516 2944 appellavitque
537 2866 713 2927 Iuvenalem.
1066 2937 1069 2942 Ι

14 2991 20 3002 .
39 2957 74 3012 18
139 2947 260 3008 Munera
277 2947 460 3027 gladiatoria,
476 2953 579 3029 partim
595 2951 623 3008 in
644 2943 851 3028 amphitheatro
863 2947 961 3034 Jaum
980 2949 1084 3028 partim

80 3033 109 3091 in
127 3031 242 3110 Septis,
273 3032 382 3111 aliquot
407 3033 510 3110 edidit,
532 3033 634 3113 quibus
650 3034 770 3093 inseruit
791 3029 925 3094 catervas
944 3030 1083 3111 Afrorum

12 3159 16 3165 -
82 3114 350 3196 Campanorumque
374 3117 502 3197 pugilum
527 3136 565 3177 ex
591 3125 713 3195 utraque
742 3120 864 3195 regione
890 3117 1082 3177 electissimo-

79 3217 151 3259 rum.
186 3197 290 3280 Neque
309 3200 487 3279 spectaculis
507 3219 623 3279 semper
642 3202 708 3279 ipse
731 3201 894 3279 praesedit,
923 3200 976 3261 sed
995 3203 1117 3260 inter-cs
1191 3271 1193 3275 ι

80 3280 146 3342 dum
162 3293 209 3344 aut
226 3283 440 3362 magistratibus
456 3293 504 3345 aut
520 3285 618 3345 amicis
638 3283 822 3363 praesidendi
837 3304 937 3346 munus
952 3284 1081 3344 iniunxit.

81 3366 239 3427 scaenicos
259 3367 343 3428 ludos
368 3377 397 3428 et
418 3367 533 3428 assidue
561 3376 590 3427 et
613 3369 684 3427 varii
705 3372 823 3446 generis
843 3387 879 3430 ac
900 3368 1085 3434 multifariam.

79 3447 165 3526 iecit,
189 3451 331 3529 quondam
352 3459 382 3512 et
401 3460 574 3528 nocturnos,
596 3453 728 3513 accensis
747 3462 807 3514 tota
826 3453 898 3514 urbe
918 3452 1080 3514 luminibus.
