2412 3876
99 131 118 192 4
188 141 591 200 &summittaturque
609 141 690 187 VITA
707 139 890 188 consultum
908 141 976 188 LIB.
992 143 1014 188 1.

99 313 178 378 quas
192 314 294 356 secum
310 294 401 356 simul
415 293 639 374 defendissent,
657 294 751 356 coitio
766 293 925 373 futurum·
940 313 1013 356 narn
1027 295 1106 357 Cae·

99 383 168 442 sori
183 379 294 441 multos
306 378 427 440 Marios
440 380 550 439 inesse.

72 487 89 538 2
164 464 312 543 Stipendia
328 467 418 543 prima
433 465 462 522 in
473 463 544 522 Asia
558 462 629 522 iecit
642 461 732 522 Marci
745 461 860 523 Thermi
876 466 1021 542 praetoris
1037 471 1126 525 cons

100 549 247 616 tubernio;
264 567 281 608 a
297 566 354 627 quo
371 547 407 607 ad
421 546 626 608 accersendam
639 546 763 606 classem
776 548 804 606 in
816 545 977 623 Bithyniam
988 549 1107 624 missus,

100 633 212 693 desedit
236 632 311 711 apud
335 631 532 706 Nicomeden,
557 647 616 690 non
634 631 696 689 sine
716 647 832 690 rumore
852 639 1015 709 prostratae
1040 633 1133 710 regi⁵

100 717 269 798 pudicitiae;
286 734 370 794 quem
386 733 529 776 rumorem
544 715 725 790 auxit,*intra
740 731 852 795 paucos
866 733 965 775 rursus
981 715 1045 776 dies
1061 736 1106 775 re·

13 875 15 880 ,
100 803 190 882 petita
206 799 337 876 Bithynia
353 818 407 879 per
425 816 540 860 causam
555 797 716 875 exigendae
740 793 999 880 pecuniaesquae
1017 799 1106 859 debe-

15 893 16 898 ’
100 895 179 946 retur
201 884 311 946 cuidam
327 884 462 943 libertino
480 883 577 942 clienti
596 900 658 942 suo.
680 881 804 962 Reliqua
817 882 916 942 militia
932 883 1106 944 secundiore

100 973 176 1031 lama
193 970 243 1028 init
260 977 288 1028 et
312 987 328 1028 a
345 967 469 1028 'l'hermo
494 967 754 1045 inexpugnatione
771 965 973 1041 Mytilenarum
995 983 1106 1028 corona

73 1055 194 1114 boivica
211 1052 332 1113 donatus
348 1060 402 1112 est.
432 1051 535 1111 liernit
552 1058 581 1109 et
597 1049 648 1109 sub
665 1049 790 1110 Servilio
806 1049 935 1110 Isaurico
952 1052 981 1110 in
994 1049 1106 1127 Cilicia,
1119 1063 1141 1102 ¹⁰

101 1138 153 1198 sed
168 1137 250 1196 brevi
265 1145 407 1214 tempore.
437 1133 509 1194 Nam
526 1133 625 1194 Sullae
645 1143 737 1194 morte
754 1133 922 1213 comperta,
946 1134 1029 1196 simul
1052 1152 1105 1213 spe

101 1239 195 1283 norae
219 1219 410 1280 dissensionis
455 1235 528 1297 quae
552 1236 606 1297 per
626 1217 753 1278 Marcum
768 1216 907 1295 Lepidum
923 1217 1105 1294 movebatur,

100 1309 222 1367 Romam
242 1320 371 1382 propere
398 1302 481 1362 redit.
513 1301 550 1361 Et
568 1301 668 1380 Lepidi
693 1300 807 1380 quidem
829 1303 985 1379 societate,
1008 1319 1106 1381 quam<

102 1409 186 1469 quam
209 1388 322 1464 magnis
344 1385 562 1447 condicionibus
581 1389 766 1462 inritaretur,
791 1384 943 1462 abstinuit,
973 1403 1036 1446 cum
1065 1387 1105 1445 in-

101 1475 190 1550 genio
215 1473 277 1530 eius
298 1469 407 1530 diliisus
428 1480 486 1530 tum
508 1471 665 1548 occasione
674 1469 689 1556 p'
705 1487 788 1548 quam
806 1471 946 1530 minorem
969 1471 1105 1548 opinione
1118 1488 1140 1526 rs

73 1555 272 1618 dolienderat.
298 1553 432 1615 Ceterum
446 1556 607 1633 composita
619 1555 761 1614 seditione
777 1553 853 1613 civili
866 1551 1032 1614 Cornelium
1046 1553 1105 1612 llo-

34 1641 61 1688 ‘·³
102 1640 238 1701 labellam
260 1639 442 1700 consularem
462 1649 491 1698 et
513 1637 958 1724 triumphalem„repetundarum
977 1637 1105 1716 postula-

102 1728 157 1793 vit;
175 1723 369 1801 absolutoque
383 1722 516 1784 Rhodum
533 1722 673 1782 secedere
687 1723 799 1798 statuit,
813 1729 841 1781 et
856 1721 892 1781 ad
905 1720 1105 1782 declinandam

103 1809 235 1869 invidiam
255 1815 284 1866 et
301 1817 330 1868 nt
352 1826 405 1886 per
427 1808 515 1866 otium
536 1824 569 1866 ac
593 1808 723 1884 requiem
740 1803 899 1883 Apollonio
917 1803 1026 1865 bloloni
1049 1805 1106 1866 cla·

102 1895 217 1954 rissimo
238 1890 442 1952 tunc‘dicendi
463 1892 603 1967 magistro
626 1907 747 1968 operam
767 1888 857 1948 daret.
893 1887 955 1949 lluc
976 1888 1041 1947 dum
1065 1886 1141 1948 tri-2⁰

103 1979 202 2038 bernis
222 1977 276 2034 iam
300 1974 447 2034 mensibus
469 1975 577 2050 traicit,
602 1974 679 2032 eirca
702 1970 938 2034 Pharmacussam
953 1971 1107 2032 insulamn
1172 1967 1174 1970 ’

105 2057 301 2141 praedonibus
314 2068 416 2138 captus
428 2067 489 2135 est,
502 2058 664 2136 mansitque
679 2056 755 2136 apud
768 2073 835 2134 eos,
848 2075 907 2118 uon
919 2057 981 2116 sine
999 2073 1107 2115 summa

102 2145 316 2222 indignatione,
335 2160 429 2221 prope
447 2141 636 2220 quadraginta
652 2140 715 2201 dies
731 2159 794 2200 oum
811 2159 866 2202 uno
884 2139 1043 2200 medicoet
1059 2157 1106 2200 cu-

103 2229 240 2290 bicularis
255 2225 380 2287 duobos.
411 2224 484 2286 Nam
500 2226 622 2286 comites
640 2241 805 2302 servosque
821 2233 938 2285 ceteros
953 2224 1033 2284 initio
1050 2231 1106 2283 sta·

103 2317 153 2374 tim
169 2311 205 2372 ad
221 2308 419 2391 expediendas
434 2311 594 2400 pecuniass
603 2309 706 2388 quibus
721 2308 911 2368 redimeretur
917 2315 939 2396 f
950 2307 1106 2367 dimiserat.
1116 2324 1143 2366 aa
1161 2350 1165 2355 -

103 2396 268 2458 Numeratis
288 2393 393 2454 deinde
415 2394 625 2473 quinquaginta
640 2392 771 2469 talentis,
794 2393 946 2470 expositus
966 2392 995 2449 in
1019 2390 1107 2451 litore

103 2501 162 2542 non
188 2480 295 2540 distulit
323 2479 391 2558 quin
419 2495 435 2537 e
460 2479 587 2554 vestigio
611 2477 706 2536 classe
732 2475 855 2536 deducta
876 2467 1108 2554 'persequeretur
1204 2511 1205 2532 2

103 2565 254 2638 abeuntis,
276 2581 310 2623 ac
331 2561 468 2622 redactos
489 2563 516 2620 in
534 2569 707 2640 potestatem
732 2558 898 2702 supplicio(
921 2558 999 2637 quod
1015 2575 1107 2637 saepe
1204 2535 1205 2608 l

104 2650 161 2711 illis
176 2650 297 2708 minatus
314 2647 387 2706 inter
406 2646 500 2706 iocum
515 2644 791 2738 lueratladliceret.
816 2645 877 2713 Vas
890 2651 956 2703 ante
968 2643 1127 2720 regiones*

106 2734 254 2812 proximas
269 2729 431 2792 Mithridate
446 2747 483 2790 ne
499 2727 632 2788 desidere
647 2729 675 2788 in
687 2727 850 2789 discrimine
866 2725 1011 2788 sociorum
1028 2726 1106 2786 vide·
1117 2739 1144 2781 eo

105 2827 201 2893 retur,
214 2814 250 2876 ab
264 2813 388 2900 Rhodop
400 2830 458 2893 quo
474 2812 660 2891 pertenderat
664 2805 678 2912 p
689 2812 798 2874 transiit
813 2811 842 2874 in
854 2809 968 2887 Asiam,
982 2810 1108 2872 auxiliis-

107 2919 164 2981 que
181 2901 338 2959 contractis
355 2907 384 2958 et
405 2897 557 2976 praelecto
580 2895 660 2972 regis
676 2895 827 2975 provincia
841 2893 966 2973 expulso
983 2895 1109 2959 nutantis

108 3005 142 3045 ae
159 2983 260 3044 dubias
278 2984 409 3044 civitates
423 2982 540 3041 retinuit
555 2982 583 3039 in
599 2978 665 3040 lide.
1080 2997 1082 3000 ·

80 3082 96 3133 5
171 3066 327 3128 Tribunatu
342 3066 470 3142 militnm,
487 3064 535 3145 qui
550 3064 659 3142 primns
670 3063 791 3124 Romam
805 3079 928 3123 reverso
943 3061 1108 3142 persuffra'ss

107 3153 156 3232 gia
172 3151 273 3232 populi
289 3151 384 3212 honor
396 3151 516 3230 optigit,
534 3156 651 3208 actores
665 3143 860 3208 restituendae
872 3145 1041 3208 tribuniciae
1055 3163 1109 3224 po·
1120 3165 1146 3208 es

108 3237 331 3336 testatispcnius
342 3236 400 3294 rim
412 3231 491 3294 Solia
503 3231 671 3292 diminuerat
700 3229 865 3292 enixissime
876 3228 956 3292 iuvit.
979 3229 1010 3291 b.
1025 3233 1111 3292 etiam

109 3320 218 3383 Cinnae
233 3321 335 3381 uxoris
349 3319 445 3394 fratri,
469 3316 562 3394 etqui
579 3332 643 3375 cum
664 3331 701 3375 eo
719 3313 794 3375 cirili
814 3314 960 3378 discordia
973 3313 1110 3394 Lepidam

18 3481 37 3502 h
110 3405 202 3465 secuti
219 3413 286 3482 post
300 3421 401 3464 necem
414 3399 543 3462 consulis
558 3398 594 3460 ad
604 3399 764 3460 Sertorium
776 3399 979 3475 confugerant,
991 3397 1112 3460 redituum
