2412 3876
456 148 663 198 russonum.
865 147 1003 196 LXXXIX

100 315 276 380 opportunus
294 308 388 364 evenit
403 308 564 380 Tranquillo
580 309 625 364 vel
645 306 726 364 nobis
746 307 829 364 vibam
845 325 877 380 p..
888 315 956 377 300,
973 313 1011 368 29

99 391 219 448 relatam
240 392 265 447 ei
288 392 394 448 auctori
411 391 616 449 adserentibus.
661 390 845 461 Hieronymus
867 391 940 447 enirn
958 392 1007 447 ad·
1037 464 1041 470 1

100 491 202 531 vorsus
221 475 395 546 Scaligerum
412 474 603 531 casaubonum
620 474 783 530 Salmasium
795 474 942 545 vossium,
960 473 1008 546 qui

2 563 3 631 ᾗ
100 559 135 614 ab
153 558 283 631 imperito
298 558 409 616 bomine
425 560 539 614 saeonlo
555 557 592 614 vl
607 557 682 614 illam
701 558 783 614 uiuam
798 557 929 628 soriplam
944 558 1006 629 opi·

99 642 158 698 nali
174 647 248 712 sunl,
268 657 320 716 pro
334 641 496 714 Tranquillo
512 656 633 713 sponsor
648 641 843 713 producendus
858 647 907 696 esl.
953 639 1008 706 uni

99 725 156 780 nisi
177 725 250 797 apud
266 726 368 781 bonum
389 725 509 796 aliquem
525 731 665 780 auelorem
686 724 841 780 invenisset
862 725 1006 796 seriptum,

98 809 216 865 Plinium
248 807 403 864 Secundum
429 807 665 864 Novocomensem
695 808 857 864 historicum
886 808 1009 880 perisse,

99 892 281 961 dumyiseret
298 892 460 948 Vesuvium:
485 896 561 946 eerle
582 891 687 947 ineius
704 891 777 947 modi
793 890 961 947 oblivionem
977 896 1006 946 el

99 975 366 1032 ineonsideranlism
380 991 434 1032 non
449 973 623 1044 incurrisset,
638 980 668 1029 ul
683 975 718 1031 ad
731 991 756 1030 e.
765 980 799 1036 79
813 979 932 1030 montem
946 974 1005 1029 Ve-

99 1059 209 1114 suvium
229 1058 368 1114 scriberet
383 1059 517 1128 regiones
533 1057 640 1123 vicinas
660 1064 688 1113 el
701 1058 786 1114 urbes
807 1074 867 1114 eum
884 1056 1003 1112 bomini-

98 1142 151 1196 bus
168 1141 322 1211 exussisse,
341 1147 368 1197 el
383 1141 458 1198 XXX
475 1141 555 1197 annis
573 1148 637 1213 posi
654 1158 733 1197 unum
746 1142 780 1198 de
796 1140 832 1198 iis
846 1140 1009 1196 bominibus

47 1226 51 1231 '
99 1225 227 1280 traderet
242 1224 380 1296 insignem
401 1223 524 1280 bubilum
543 1240 607 1280 esse
622 1225 792 1282 historicum.
839 1224 934 1279 Deleri
945 1239 1005 1279 uo-

2 1359 3 1362 ,
98 1309 160 1362 lunl
176 1310 261 1365 verbu
276 1306 378 1379 ‘periit
392 1308 455 1364 dum
469 1307 535 1363 visit
548 1308 714 1364 Vesuvium’
731 1309 764 1364 ab
781 1307 908 1364 omnibns
923 1306 1007 1362 libris

99 1391 381 1463 obronographisque
394 1397 515 1460 servale,
532 1391 632 1446 sedne
648 1390 836 1447 ‘historiens’
850 1390 959 1461 quidem
975 1390 1007 1445 in

2 1507 4 1528 τ
97 1474 235 1530 minorem
255 1473 372 1529 Plinium
395 1467 577 1546 conveniri).
620 1475 694 1531 Palsi
714 1480 832 1546 arguunt
854 1475 883 1530 in
897 1473 1005 1529 maiore

2 1543 3 1563 ³
99 1554 374 1615 'Novocomensem'
395 1557 528 1644 pqtriam,
555 1557 605 1612 sed
618 1558 748 1615 Veronae
772 1574 840 1614 suae
861 1564 1008 1613 anolorem

99 1656 157 1697 non
180 1641 284 1698 habeol
306 1646 353 1696 aul
373 1641 555 1696 relusliorem
578 1648 625 1696 aul
645 1641 794 1697 oerliorem
814 1639 1004 1697 llausionario

2 1733 3 1758 ³
98 1725 267 1780 Veronensi.
312 1724 422 1780 llanest
448 1723 534 1794 igitur
556 1724 651 1779 verbis
674 1725 708 1780 ab
734 1724 903 1793 Hieronymo
935 1728 1004 1777 lam-

99 1824 181 1878 quam
205 1807 294 1864 invito
310 1807 411 1880 positis
433 1824 482 1862 sua
508 1807 669 1863 aueloritas.
713 1806 750 1862 m
766 1822 845 1877 quem
862 1812 1009 1861 suetorum

99 1892 135 1947 do
158 1891 225 1948 uilis
246 1888 397 1947 illustrium
412 1891 535 1946 virorum
554 1889 651 1945 babuli
667 1896 781 1961 praeler
797 1879 1005 1960 Tranquillum?

164 1974 222 2030 Sed
237 1979 266 2029 ul
283 1973 419 2030 millamus
435 1974 646 2042 Hieronymum,
671 1974 732 2045 ipsa
749 1973 831 2028 Plinii
855 1971 912 2028 vila
935 1971 1007 2026 nibil

99 2074 169 2114 sane
191 2059 276 2113 babel
292 2073 346 2128 quo
364 2057 526 2112 Suetonium
548 2063 689 2112 sueborum
712 2062 870 2129 suspeolnm
892 2055 1000 2110 reddar.

97 2139 253 2212 luseriplus
283 2146 326 2196 esl
351 2141 446 2195 lilulus
473 2140 533 2194 ‘Ex
557 2141 686 2211 oslalogo
707 2141 829 2197 virorum
854 2139 1008 2194 illustrium.

99 2223 272 2294 Tranquilli'
295 2228 342 2280 aul
360 2223 529 2278 ‘Suetonius
546 2223 721 2294 Tranquillus
738 2225 766 2279 in
785 2224 859 2279 libro
877 2222 911 2277 de
931 2221 1008 2278 viris.

99 2307 287 2376 illustribus’,
304 2306 444 2378 reperitur
460 2306 595 2362 inmollis
612 2308 755 2363 eodieibus
774 2313 802 2362 et
816 2307 862 2362 vel
878 2303 1001 2360 sneeXl

99 2390 231 2461 seriptis,
252 2389 321 2458 nibil
337 2389 413 2445 inesl
427 2396 522 2461 aperte
539 2390 637 2446 lalsum
653 2397 700 2447 aul
714 2391 852 2462 ineptum,
869 2386 1006 2443 nonnulla.

98 2479 154 2528 lam
170 2473 199 2528 in
220 2471 360 2545 prineipio
378 2488 457 2544 quem
478 2473 506 2528 in
526 2474 579 2529 line
595 2473 710 2545 propria
731 2479 794 2528 sunt
815 2488 847 2528 ae
869 2485 1007 2540 nusquam

98 2556 167 2613 alibi
186 2556 306 2628 scripta,
322 2555 442 2626 denique
457 2572 548 2612 sermo
565 2572 619 2612 non
635 2558 776 2612 abhorret.
821 2554 855 2609 El
869 2551 1004 2609 debuisse.

99 2639 197 2710 ulique
213 2639 242 2694 in
259 2639 418 2696 llluslribus
436 2638 506 2695 viris
527 2641 618 2694 looum
632 2639 722 2696 Plinio
739 2637 895 2709 assignari,
915 2633 1005 2691 nemi-

100 2739 162 2778 uem
177 2717 297 2795 laretffi).

166 2915 215 2980 85)
224 2918 290 2968 Eum
300 2934 400 2984 quoqne
410 2919 556 2969 lrislorieum
568 2917 649 2968 fuisse
660 2919 832 2968 demonstrare
842 2918 895 2967 vult
904 2917 1007 2968 Vallat-

2 2981 3 2988 '
99 2986 270 3037 siusadeum
283 2989 366 3038 loenm
385 2987 502 3036 chronici.
540 2985 657 3037 Ceterum
671 2998 736 3050 quos
749 2985 849 3036 eodiees
864 2986 931 3035 idem
941 2986 1004 3036 Vel-

98 3055 192 3104 lersius
203 3056 297 3106 liberos
305 3072 361 3106 esse
371 3058 405 3106 ait
418 3055 588 3104 additamento
606 3053 657 3116 illo,
671 3054 739 3118 quod
750 3059 787 3104 est
796 3053 953 3114 deVesuvio,
971 3054 1006 3103 u-

97 3135 155 3183 meo
174 3137 206 3172 ne
219 3125 319 3174 saeculo
331 3123 388 3175 XV.
402 3138 453 3173 non
471 3123 623 3174 vetustiores
638 3123 697 3173 sint.

169 3189 216 3254 86)
239 3193 364 3242 intellexit
385 3192 433 3242 hoe
456 3191 620 3242 casaubonus
644 3205 758 3255 quoque,
782 3192 827 3242 sed
850 3192 914 3240 miro
935 3188 1004 3242 indl-

99 3259 176 3310 candi
193 3260 361 3324 perversitate
378 3261 455 3310 vitam
473 3276 497 3326 p.
514 3259 574 3319 301,
592 3259 608 3309 5
626 3260 744 3326 positam,
764 3274 839 3324 quum
857 3258 1004 3308 Monslona-

2 3345 3 3348 ¹
100 3329 154 3378 rius
172 3328 214 3376 ille
236 3325 418 3378 eSueloniane
432 3337 456 3378 el
467 3329 541 3378 Plinii
556 3329 669 3394 epistolis
688 3325 712 3387 3,
724 3329 749 3378 5.
768 3328 793 3388 6,
807 3326 837 3376 16
855 3333 879 3376 ei
893 3325 946 3375 suis
963 3325 1005 3374 iu·

2 3433 6 3442 .
99 3397 367 3462 eplflsuoneinnavrl,
388 3397 547 3446 venustiorem
569 3397 730 3449 existimavit.
