2408 3870
456 214 662 264 rotundato.
947 217 1015 267 Xlss

103 385 192 448 arant,
208 375 236 432 in
250 377 303 431 lrac
319 373 444 431 editione
463 381 593 432 accurate
607 391 768 447 expressam
784 389 848 430 osse
863 375 935 433 scito
946 391 1012 433 ner-

101 463 255 520 siculorum
269 458 358 514 initiis
375 457 510 513 reductis.

167 546 208 600 lle
222 542 279 600 vita
297 540 447 602 Caesarum
467 541 534 597 libri
553 549 618 598 octo
633 558 687 613 qno
705 548 832 613 tempore
848 541 935 612 editi,
956 559 1011 614 quo

102 627 244 703 principio
260 625 400 698 praediti,
420 642 473 697 qna
495 626 604 682 ratione
621 625 649 683 in
665 625 755 680 libros
772 629 801 679 et
819 626 909 699 capita
926 625 1011 682 dirisi

102 712 225 781 luerint,
248 709 442 780 exposuimns;
463 707 517 766 iam
531 709 678 764 dicendum
694 703 753 778 est,
776 722 831 779 qno
846 709 967 766 oonsilio
984 715 1013 765 et

103 811 160 868 qno
178 791 321 850 scribendi
343 808 449 863 genere
465 793 630 864 compositi,
648 791 768 863 denique
782 793 881 862 quibus
898 791 1011 849 iudiciis

104 897 120 934 a
136 876 260 951 posteris
279 876 391 949 excepti
408 875 472 932 sint.

167 959 278 1016 Amisso
295 960 390 1030 operis
405 959 563 1015 initio'cum
580 963 720 1016 auctorem
736 961 826 1032 ipsum
840 958 875 1014 de
892 957 1012 1026 consilio

105 1061 158 1102 suo
173 1041 335 1112 laborisque
348 1042 512 1098 adiumentis
522 1042 705 1098 disserentem
713 1059 767 1100 non
783 1042 945 1112 habeamus,
959 1041 1014 1099 lroe

6 1155 7 1160 1
106 1128 173 1185 milri
190 1127 299 1183 videtur
315 1131 378 1181 ante
400 1127 490 1182 omnia
512 1142 545 1182 ac
563 1126 652 1198 probe
670 1125 816 1182 tenendum
836 1140 917 1195 esse,
939 1131 970 1180 nt
985 1125 1013 1180 iu

6 1245 8 1286 3
105 1211 259 1284 vitarum
281 1209 552 1282 scriptoribus,
572 1225 625 1265 non
643 1210 671 1264 in
687 1209 866 1266 historiarum
890 1209 1014 1266 auctom-

6 1293 10 1318 ‘
105 1291 318 1366 ltuseollccari
340 1308 372 1348 sa
387 1287 550 1368 voluerit³).
594 1293 689 1364 ltaque
706 1294 801 1366 inique
823 1291 946 1362 lacerat,
967 1291 1014 1364 qui

6 1443 8 1454 ,
106 1376 269 1450 prooemia,
295 1375 458 1446 orationes,
480 1391 585 1432 morum
606 1377 830 1434 adumbrationes
853 1381 880 1431 et
900 1376 1014 1447 siquae

106 1462 203 1518 solent
218 1459 300 1515 huius
316 1459 430 1529 generis
447 1458 588 1516 altioru'et
603 1461 736 1532 ampliora
748 1461 783 1516 al)
794 1459 938 1515 historicis
954 1475 1015 1514 curn

6 1539 7 1550 ἢ
107 1548 358 1614 rerumgestarum
374 1543 505 1599 memoria
524 1543 673 1614 coniungi,
695 1560 710 1599 a
725 1543 886 1614 Tranquillo
903 1541 1015 1599 deside-

6 1657 8 1664 =
107 1633 200 1691 raret;
221 1625 288 1682 talin
309 1641 399 1698 neque
421 1625 535 1697 scripsit
556 1639 646 1698 neque
663 1643 694 1681 se
709 1627 876 1699 scripturum
897 1626 1015 1697 recepit,

6 1713 8 1744 ¹
108 1713 163 1766 lroc
185 1726 266 1767 nuum
290 1715 402 1764 secutus
425 1708 624 1766 uttCaesarum
649 1710 796 1766 duodecim
816 1708 900 1765 vitum
925 1721 1016 1779 neque

109 1794 256 1866 quicquam
277 1798 424 1864 praeterea
447 1798 636 1864 componeret.
681 1793 747 1849 l'rle
769 1791 915 1848 consilinm
929 1791 1016 1848 lraud-

6 1877 8 1916 l
110 1893 246 1951 quaquam
262 1876 472 1947 improbandum
493 1877 583 1945 duco,
604 1893 665 1931 cnm
688 1893 734 1932 res
750 1874 922 1932 enarrandae
942 1881 1016 1944 sunt,

6 1995 7 2032 3
109 1978 223 2032 quarum
238 1971 341 2015 summa
358 1959 393 2016 ad
410 1975 491 2014 unum
507 1959 662 2032 principem
683 1961 764 2031 regio
780 1957 890 2030 quidem
907 1959 1016 2015 nomine

6 2037 7 2040 ’
110 2049 251 2100 carentem
269 2043 319 2100 sed
339 2048 479 2114 potestate
499 2045 560 2115 plus
584 2060 664 2115 quam
689 2045 767 2114 regia
790 2042 944 2114 praeditum
967 2043 1017 2098 de-

6 2145 7 2148 *
109 2129 166 2184 lata
182 2133 239 2191 est;
256 2127 337 2182 immo
349 2125 513 2182 laudandum
532 2143 596 2182 esse
610 2127 757 2197 existimo,
773 2142 833 2181 oum
852 2125 1018 2199 scriptorem

6 2231 8 2260 ι
111 2211 232 2282 aliquem
262 2209 345 2266 video
374 2209 548 2266 intellexisse
583 2211 638 2266 lroc
668 2227 699 2266 se
727 2209 870 2268 scribendi
900 2225 1017 2279 genere,

111 2294 186 2367 quod
201 2295 236 2348 ‘in
251 2293 316 2350 vitis
342 2293 514 2364 exponendis
530 2299 675 2364 versetur,
697 2294 807 2350 lucilius
826 2309 905 2364 quam
927 2293 1017 2348 tristo-

6 2427 8 2436 ,
109 2379 169 2436 rica
184 2385 254 2446 arte,
273 2393 336 2432 rara
352 2377 401 2432 illa
417 2382 445 2431 et
461 2376 618 2448 praeclara,
632 2383 660 2432 et
675 2377 730 2434 sibi
747 2382 775 2432 et
790 2377 853 2432 aliis
867 2376 936 2440 satis
953 2391 1018 2430 esse

6 2493 8 2516 r
110 2462 256 2518 iacturum.

172 2544 229 2601 Sed
243 2545 296 2600 lroc
314 2549 404 2599 tamen
421 2545 628 2602 concedendum
646 2551 700 2616 est,
716 2543 913 2601 Suetonirnum
928 2557 1017 2612 genus
1028 2545 1105 2600 opem
1123 2545 1179 2589 uu.

6 2635 7 2656 ³
110 2643 202 2700 neque
222 2627 258 2684 ad
277 2625 366 2682 Taciti
389 2627 551 2698 Agricolam
573 2645 664 2700 neque
686 2628 721 2684 ad
743 2627 922 2684 Plutarcheas
944 2625 1017 2682 nitas

111 2709 259 2768 accedere.
287 2708 405 2766 Primum
419 2711 491 2768 enirn
506 2717 659 2785 temporum
674 2711 784 2768 nimium
799 2711 950 2781 indiligens
965 2715 1018 2780 est,

111 2811 174 2850 curu
190 2809 246 2850 non
263 2793 397 2851 modoad
416 2809 549 2852 annornm
570 2812 698 2852 numeros
715 2801 826 2869 praeter
842 2795 961 2850 natalem
977 2793 990 2848 l
1006 2829 1018 2838 -

6 2935 7 2940 χ
110 2879 250 2949 talemque
262 2877 335 2934 diem
351 2877 419 2933 nilril
436 2877 496 2934 iere
508 2879 645 2950 retulerit,
660 2880 711 2936 sed
726 2896 760 2934 ne
776 2894 827 2952 per
843 2877 942 2934 aetatis
955 2877 1017 2947 qui-

111 2963 174 3017 dem
206 2961 309 3032 gradus
330 2961 490 3017 distinxerit
522 2963 583 3036 eins
603 2963 722 3019 hominis
746 2962 825 3018 cuius
846 2961 930 3016 vitam
951 2976 1016 3032 per-

6 3061 8 3116 2
111 3043 251 3116 seqnitur,
263 3060 354 3108 mores
368 3045 578 3116 corroboratos,
590 3047 756 3115 immutatos,
772 3050 937 3116 corruptos;
951 3042 1016 3098 lrinc

6 3135 8 3142 ’
113 3129 145 3183 lrt
159 3134 189 3183 ut
209 3125 286 3183 illius
301 3144 405 3184 morum
429 3133 482 3184 tam
499 3129 635 3186 bonorum
655 3145 733 3200 quarn
751 3128 884 3184 malcrum
906 3126 1017 3196 singula

6 3207 7 3224 ²
111 3212 279 3267 documenta
294 3210 464 3268 inveniamus
481 3213 575 3282 multa,
590 3213 772 3269 seduninersi
787 3210 895 3283 ingenii
910 3224 974 3264 mox
988 3209 1016 3263 in

182 3337 211 3402 3)
235 3339 265 3388 ld
279 3354 311 3388 ne
328 3339 466 3406 Vopiscum
482 3342 587 3406 quidem
604 3342 689 3405 latuit,
716 3342 759 3406 qni
782 3342 808 3391 in
826 3339 907 3392 Probo
925 3352 980 3402 cap.
999 3337 1016 3384 2

111 3424 163 3459 non
178 3415 205 3457 ut
219 3407 372 3468 Sallustios,
392 3408 485 3472 iuquit,
504 3413 593 3463 Liuius
612 3413 713 3463 Tacitus
728 3412 826 3476 duoque
894 3408 1016 3464 tratum,

6 3471 8 3508 ⁷
111 3477 161 3526 sed
175 3475 287 3528 Mariua
303 3475 442 3528 Maximus
451 3513 458 3540 ,
476 3478 618 3532 Suetonium
633 3480 802 3544 Tranquillum
817 3485 863 3528 etc.
