2412 3876
143 191 184 250 48
229 201 258 248 c.
273 200 423 249 suuuour
435 198 563 258 nunno.
582 199 631 246 nn
642 197 727 246 vrrs
739 197 924 246 cassanum
940 199 1010 246 nun.
1023 198 1061 246 11.

144 356 280 435 emptioni
295 354 467 434 publicanos
492 352 626 431 videbat,
649 351 755 412 liberto
771 370 823 413 suo
839 351 962 428 addixit,
984 361 1014 412 ut
1029 352 1152 430 relega·

144 451 201 501 tum
222 442 250 498 in
272 457 360 516 agros
381 456 435 518 pro
459 437 552 497 libero
576 455 643 498 esse
665 439 781 496 sineret.
824 435 973 496 Decimam
1000 435 1152 513 legionem

144 525 340 585 contumacius
368 531 519 601 parentem
540 539 605 581 cum
632 521 789 598 ignominia
817 530 905 580 totam
927 519 1046 597 dimisit,
1078 522 1151 580 item

145 609 216 668 alias
239 607 407 667 immodeste
428 607 594 666 missionem
615 604 797 684 postulantes
813 606 886 665 citra
904 604 1150 674 commodaeme-

144 695 262 752 ritorum
278 693 470 770 praemiorum
487 691 698 750 exauctoravit.
728 686 891 764 Cohortes,
912 690 1026 768 siquae
1042 690 1176 752 cessis-s

102 811 105 816 ·
144 785 208 837 sent
224 774 306 852 loco,
326 775 484 835 decimatas
499 772 609 834 hordeo
626 775 716 852 pavit.
748 771 941 832 Centuriones
957 773 1080 832 statione
1097 771 1151 833 de·

144 870 238 936 serta,
255 859 351 920 itidem
366 868 395 918 ut
410 858 623 937 manipulares,
645 856 764 936 capitali
779 855 1030 917 animadversione
1045 858 1150 935 puniit,

144 962 198 1024 pro
223 953 324 1004 cetero
350 943 522 1003 delictorum
546 959 658 1020 genere
679 942 767 1001 variis
789 941 948 1023 ignominis!
967 941 1089 1017 adiecit,
1117 949 1152 1000 ut
1202 1012 1203 1015 Ἴ

145 1037 223 1088 stare
244 1045 298 1106 per
313 1037 402 1087 totum
418 1027 495 1087 diem
515 1025 630 1086 iuberet
644 1034 710 1085 ante
734 1027 911 1104 praetorium
919 1025 1089 1109 (interdum
1104 1034 1149 1084 tu-

144 1114 256 1171 nicatos
283 1103 753 1191 discinctosqueQnonnumquam
782 1127 846 1170 cum
867 1107 1071 1188 decempedis,
1096 1107 1147 1168 vel
1160 1129 1187 1170 ro

101 1197 229 1258 bestiam
249 1196 390 1273 cespitem
414 1202 574 1273 portantes.
613 1192 717 1272 Neque
738 1201 806 1272 post
829 1191 908 1254 bella
932 1194 1027 1254 civilia
1049 1193 1150 1254 autin

145 1280 281 1357 contione,
303 1287 350 1337 aut
368 1296 422 1355 per
439 1275 564 1337 edictum
579 1275 655 1337 ullos
671 1277 791 1337 militum
814 1277 1023 1338 commilitones
1044 1275 1148 1355 appel·

144 1361 237 1438 labat,
254 1360 306 1422 sed
320 1361 436 1437 milites,
453 1379 486 1420 ac
504 1379 541 1420 ue
556 1379 572 1421 a
588 1361 655 1420 liliis
670 1361 786 1440 quidem
802 1370 849 1421 aut
864 1363 1007 1441 privignis
1022 1363 1081 1422 suis
1096 1362 1147 1420 im-

144 1447 227 1526 perio
242 1444 380 1524 praeditis
397 1445 481 1504 aliter
498 1444 641 1524 appellari
657 1462 761 1523 passus
776 1454 832 1522 est,
850 1445 1027 1506 ambitiosius
1042 1444 1070 1505 id
1085 1445 1147 1504 exi-

144 1531 276 1605 stimans,
296 1546 378 1608 qnam
394 1537 442 1588 aut
457 1530 530 1590 ratio
545 1526 676 1590 militaris
694 1538 742 1590 aut
757 1539 917 1609 temporum
935 1531 1017 1609 quies
1031 1539 1080 1589 aut
1096 1545 1148 1588 sua
1159 1549 1184 1592 ιι

145 1615 302 1695 domusque
323 1631 392 1674 suae
413 1615 551 1674 maiestas
566 1613 738 1692 postularet.
771 1613 920 1674 libertino
937 1613 1044 1690 milite,
1061 1630 1147 1692 prae-

112 1721 115 1730 ·
144 1707 273 1778 terquam
286 1698 397 1759 Romae
412 1697 609 1758 incendiorum
625 1715 712 1760 causa
728 1707 757 1758 et
771 1699 796 1757 si
813 1697 947 1758 tumultus
963 1699 991 1757 in
1006 1697 1147 1774 graviore

143 1801 256 1842 anuona
270 1790 463 1859 metueretur,
488 1781 532 1841 bis
547 1801 615 1842 usus
631 1790 692 1842 est:
717 1782 808 1842 semel
824 1781 861 1842 ad
875 1782 1049 1861 praesidium
1064 1779 1147 1840 colo‘

86 1938 90 1952 ‚
144 1867 252 1926 nicrum
279 1865 425 1941 Illyricum
454 1859 830 1960 contingentium,(iterum
858 1865 894 1927 ad
924 1865 1040 1926 tutelam
1061 1867 1147 1944 ripae

39 1965 42 1972 ⁴
143 1950 237 2011 Rheni
255 1948 537 2029 iluminisffjeosque,
553 1967 656 2010 servos
672 1949 764 2010 adhuc
780 1952 850 2010 viris
866 1950 1038 2028 feminisque
1054 1967 1143 2028 pecu·
1155 1967 1184 2008 ao

144 2033 319 2093 niosioribus
342 2025 466 2094 indictos
487 2051 522 2094 ac
545 2037 606 2094 sinc
629 2051 709 2095 mora
738 2035 942 2111 manumissos,
972 2032 1148 2113 subpriore

144 2113 253 2177 vexillo
270 2115 378 2193 habuit,
395 2136 489 2197 neque
506 2126 554 2178 eut
570 2119 740 2178 commixtos
753 2134 816 2178 cum
832 2118 967 2195 ingenuis
981 2126 1030 2177 aut
1042 2116 1148 2177 eodem

144 2200 229 2260 modo
251 2209 384 2261 armatos.

207 2283 289 2345 Dona
315 2285 462 2361 militaria,
492 2285 637 2364 aliquanto
663 2285 778 2346 facilins
801 2285 936 2366 phaleras
965 2293 994 2345 et
1015 2293 1146 2363 torques,

144 2368 279 2449 quicquid
298 2386 367 2429 auro
385 2377 565 2448 argentoque
581 2377 741 2447 constaret,
759 2388 843 2450 quam
858 2369 986 2430 vallares
999 2387 1034 2428 ac
1051 2387 1184 2430 mura-as

111 2456 118 2464 “
143 2454 188 2514 les
212 2470 351 2530 coronas,
372 2471 447 2532 quae
468 2453 578 2513 bonore
599 2455 831 2532 praecellerent,
862 2453 963 2522 dabat;
985 2453 1037 2512 has
1061 2469 1147 2532 quam

143 2539 314 2615 parcissime
331 2544 360 2598 et
377 2539 439 2597 sine
458 2536 611 2598 ambitione
629 2557 664 2599 ac
679 2556 769 2617 saepe
785 2542 872 2600 etiam
887 2537 1020 2615 caligatis
1035 2533 1145 2595 tribuit.

142 2621 180 2681 Μ.
196 2620 361 2700 Agrippam
375 2622 403 2680 in
420 2621 518 2683 Sicilia
534 2629 602 2700 post
622 2622 754 2684 navalem
770 2623 921 2683 victoriam
937 2619 1076 2682 caeruleo
1094 2637 1145 2680 ve·

142 2703 214 2764 xillo
229 2704 355 2766 donavit.
386 2705 474 2765 Solos
488 2705 690 2784 triumphales,
709 2722 877 2787 quamquam
893 2715 923 2766 et
938 2707 1037 2766 socios
1054 2721 1144 2783 expe-

144 2787 280 2848 ditionum
302 2797 332 2848 et
353 2791 513 2868 participes
535 2790 719 2850 victoriarum
741 2809 870 2869 suarum,
890 2805 1042 2869 numquam
1058 2787 1143 2848 donis
1155 2807 1182 2850 ao

142 2870 350 2950 impertiendos
365 2875 498 2950 putavit,
521 2873 599 2951 quod
618 2874 674 2953 ipsi
700 2893 815 2955 quoqne
836 2877 880 2936 ius
900 2874 1069 2936 habuissent
1092 2873 1142 2932 tri·
1197 2893 1203 2902 ·

142 2955 251 3016 buendi
270 2973 304 3016 ea
330 2955 432 3035 quibus
452 2956 571 3017 vellent.
607 2958 685 3019 Nihil
701 2969 796 3020 antem
811 2962 903 3020 minus
922 2957 1057 3038 perlecto
1075 2955 1143 3016 duci

142 3057 226 3118 quam
246 3039 458 3099 festinationem
480 3044 729 3122 temeritatemque
756 3045 911 3104 convenire
937 3040 1142 3104 arbitrabatur.

143 3122 256 3185 Crebro
275 3125 372 3203 itaque
394 3123 443 3185 illa
456 3124 595 3188 iactabat:
616 3123 752 3188 Σπεύδε
775 3123 940 3208 βραδέωςι
955 3113 1143 3214 (Hecateia

141 3199 205 3286 γάρ
221 3196 290 3268 ἐστ’
307 3206 455 3287 ccciccc
468 3196 489 3288 ἢ
504 3199 636 3290 θρασὺς
650 3205 902 3292 reputaremur
913 3211 968 3288 Et,
988 3208 1140 3270 Soteelc-
1152 3229 1181 3270 aa

141 3291 218 3352 riter
241 3291 313 3368 fieri
333 3292 483 3376 quidquid
501 3294 559 3371 fici
577 3295 657 3357 sutis
680 3294 764 3357 berse.
793 3294 938 3357 Proelium
960 3293 1075 3374 quidem
1095 3301 1144 3354 aut

142 3373 248 3442 bellum
271 3377 484 3454 suscipiendum
508 3381 623 3440 ommno
642 3378 784 3458 negabat,
804 3381 858 3440 nisi
875 3399 938 3441 cum
952 3379 1043 3441 maior
1064 3395 1141 3438 emc-

141 3455 260 3519 lnmenti
280 3477 350 3542 spes
370 3479 455 3539 quam
471 3461 564 3522 damni
582 3473 674 3524 metus
689 3464 903 3526 ostenderetur.
933 3463 1007 3526 Nam
1027 3463 1142 3524 minima

41 1091 63 1141 ’,ί
