2444 3872
490 195 520 246 o.
542 196 726 247 caurauni.
1053 191 1113 258 137

1 367 2 382 2
107 363 170 404 rum
189 353 220 406 ut
237 347 317 408 irrita
335 355 365 408 et
379 365 467 426 vana,
495 366 691 430 quoscumque
708 353 771 431 quis
786 354 897 415 diceret
912 353 1022 418 herede
1039 356 1110 420 Cae·

109 446 176 488 sare
190 432 262 490 mori
277 429 447 493 destinasse.
486 433 550 508 Quo
565 443 642 495 metu
656 435 763 496 iniecto
780 455 844 498 cum
858 439 913 498 iam
928 447 957 500 et
977 439 1014 500 ab
1028 442 1110 520 igno-

108 513 146 572 tis
163 515 238 573 inter
251 513 409 576 familiares
425 524 455 578 ct
476 534 492 576 a
507 518 676 597 parentibus
690 520 765 580 inter
779 519 889 582 liberos
910 521 1005 600 palam
1021 522 1111 587 beres

107 607 336 676 nuncuparetur,
363 598 511 662 derisores
526 601 667 680 uocabat,
694 602 771 681 quod
787 613 853 683 post
868 609 1110 687 nuncupationem

83 683 207 740 svirere
233 691 475 761 perseverarent,
509 693 538 745 ot
564 685 660 746 multis
688 696 845 749 venenatas
873 697 993 752 matteas
1022 694 1107 754 misit.

108 762 318 841 Gognesoebat
343 774 438 828 autern
462 765 498 828 de
524 768 628 829 talibus
655 771 763 848 causis,
791 779 888 833 taxato
917 774 997 852 prius
1022 765 1126 849 model

107 865 233 910 summae
249 848 285 909 ad
300 867 385 930 quem
400 851 607 912 coniciendum
629 852 808 932 consideret,
839 855 975 917 coniecto
996 856 1124 952 demum!

107 932 295 994 excitabatur.
339 933 386 994 Ac
402 952 438 994 ne
459 934 603 1015 paululum
618 935 732 1015 quidem
748 955 845 1000 morae
862 940 991 1018 patiens,
1019 960 1108 1022 super

106 1015 296 1094 quadraginta
315 1034 385 1078 reos
408 1017 551 1098 quondam
573 1038 611 1080 ex
630 1018 752 1082 diversis
779 1021 942 1084 criminibus
965 1042 1020 1087 una
1042 1045 1106 1086 sen·

70 1102 195 1161 attenua
215 1100 433 1180 condemnavit,
458 1102 657 1182 gloriatusque
678 1112 724 1164 est
744 1105 955 1185 expergefacta
973 1125 1107 1171 esomno

106 1181 265 1260 Caesonia,
293 1190 439 1265 quonlam
452 1187 578 1266 egisset,
603 1187 674 1248 dom
688 1204 728 1248 eo
740 1187 930 1250 meridioret.

163 1268 309 1329 Auctione
335 1271 504 1349 proposita,
547 1270 684 1352 reliquias
718 1274 840 1333 omnium
870 1275 1105 1352 spectaculorum

103 1351 226 1412 subierit
242 1370 277 1414 ao
296 1352 469 1430 venditavit,
496 1356 652 1434 enquirens
673 1371 727 1434 per
744 1373 778 1416 se
794 1358 889 1434 pretia
906 1365 936 1416 et
957 1376 1047 1438 nsque
1067 1377 1103 1420 eo

101 1435 283 1513 extendens,
312 1444 344 1497 nt
362 1436 476 1516 qnidam
495 1440 634 1498 immenso
662 1439 757 1500 coacti
784 1439 923 1518 quaedam
944 1457 1043 1502 emere
1069 1459 1104 1504 ao

1 1509 2 1536 ¹
69 1518 188 1581 lobonis
209 1522 287 1580 exuti
308 1538 398 1582 venas
421 1520 475 1581 sibi
503 1519 671 1582 inciderent.
714 1520 790 1583 Nota
820 1541 869 1583 res
899 1532 959 1600 est,
986 1524 1102 1604 Aponio

103 1604 257 1664 Saturnino
274 1604 348 1664 inter
363 1603 501 1665 subsellia
524 1604 708 1682 dormitante,
739 1606 875 1666 monitum
891 1623 907 1666 a
924 1606 996 1668 Gaio
1019 1625 1102 1687 prae·

103 1705 206 1748 eonem
229 1705 266 1748 ne
290 1690 466 1767 praetorium
491 1691 582 1749 virum
607 1687 711 1749 crebro
737 1691 839 1766 capitis
859 1697 937 1750 motu
959 1699 1103 1752 nutantem

102 1770 158 1831 sibi
174 1774 363 1851 praeteriret,
391 1790 447 1832 neo
464 1771 570 1833 licendi
588 1773 674 1833 linem
694 1771 818 1849 iactum,
848 1772 942 1852 quoad
964 1773 1102 1834 tredecim

102 1854 281 1932 gladiatores
306 1859 442 1917 sestertio
474 1857 614 1934 nonagies
645 1857 788 1934 ignoranti
816 1855 1026 1918 addicerentur.
1069 1856 1145 1917 inea

66 1937 343 2020 sodaliumque,
372 1925 437 1999 cr'r'r'b
455 1939 646 2001 damnatarum
668 1955 800 2000 sororum
821 1948 987 2001 ornamenta
1006 1948 1036 2000 et
1055 1959 1101 2000 su·

101 2021 282 2102 pellectilem
303 2031 332 2082 et
353 2041 457 2085 servos
477 2033 563 2104 atque
584 2024 670 2084 etiam
690 2022 812 2084 libertos
834 2024 978 2084 immensis
1000 2024 1102 2102 pretiis

44 2126 48 2136 ⁴
100 2105 292 2184 vendidisset,
324 2108 457 2169 invitatus
485 2108 586 2184 lucro,
626 2106 762 2185 quidquid
786 2108 964 2167 instrumenti
993 2108 1102 2166 veteris

101 2189 184 2251 aulae
209 2198 272 2252 erat
292 2189 327 2250 ab
354 2190 425 2252 urbe
451 2192 584 2270 repetiit,
619 2191 800 2269 comprensis
826 2189 861 2250 ad
892 2189 1102 2270 deportandum

99 2275 255 2334 meritoriis
272 2291 387 2354 quoque
408 2273 548 2335 vehiculis
565 2283 593 2334 et
613 2273 834 2353 pistrinensibus
854 2275 1001 2351 iumentis,
1028 2273 1101 2336 adeo

64 2367 130 2417 rent
155 2365 185 2418 et
207 2358 290 2437 panis
314 2357 426 2419 Romae
446 2375 536 2437 saepe
557 2357 697 2418 deficeret
717 2365 746 2418 et
763 2357 938 2434 litigatorum
954 2356 1100 2436 plerique,

101 2440 179 2520 quod
194 2457 350 2502 occurrere
366 2441 502 2502 absentes
518 2440 553 2502 ad
567 2440 756 2503 vadimonium
776 2458 835 2501 non
849 2448 984 2521 possent,
1014 2456 1102 2499 causa

100 2524 248 2586 caderent.
294 2524 346 2585 cui
366 2527 553 2586 instrumento
574 2523 759 2602 distrahendo
780 2523 849 2584 nibil
870 2540 927 2583 non
942 2521 1050 2582 bandis
1065 2539 1101 2581 ae

3 2603 5 2638 l
98 2608 237 2669 lenocinii
253 2607 388 2687 adhibuit,
406 2609 492 2669 modo
508 2609 644 2669 armillae
659 2606 790 2684 singulos
806 2608 961 2685 increpans
979 2613 1010 2666 et
1023 2604 1101 2683 quod

99 2709 158 2752 non
173 2689 298 2772 puderet
316 2709 369 2754 eos
396 2691 609 2771 locupletiores
634 2697 802 2769 essequam
822 2708 874 2766 se,
900 2687 986 2750 modo
1002 2688 1101 2768 paeni-

3 2825 6 2838 .
63 2784 89 2827 ³⁰
99 2777 218 2836 tentiam
245 2775 379 2837 simulans
407 2774 483 2856 quod
509 2772 708 2854 principalium
730 2791 826 2837 rerum
850 2774 969 2851 privatis
987 2772 1102 2851 copiam

98 2859 222 2920 laceret.
268 2857 459 2939 compererat
479 2855 688 2939 provincialem
709 2855 886 2936 locupletem
910 2854 1033 2917 ducenta
1055 2873 1106 2934 se·⁸
1122 2895 1141 2926 .‚

4 2941 6 2944 ’
98 2945 200 3004 stertis
229 2961 398 3004 numerasse
428 2939 628 3016 vocatoribus,
661 2946 691 3000 ut
714 2956 769 3018 per
798 2938 941 3000 fallaciam
966 2934 1110 3000 convivio

96 3029 351 3107 interponeretur,
364 3043 432 3086 nec
447 3025 551 3086 tulerat
563 3022 687 3084 moleste
699 3031 756 3085 tam
768 3038 873 3099 magno
889 3023 1033 3083 aestimari
1047 3021 1099 3082 bo-

97 3127 201 3173 norem
223 3127 332 3186 oaepae
355 3127 441 3179 suae;
472 3109 538 3170 huic
558 3114 679 3187 postero
700 3105 747 3166 die
777 3105 889 3167 sedenti
917 3104 1101 3166 inunctione

63 3195 190 3273 remisit,
216 3178 383 3276 'quinesoio
401 3191 468 3273 quid
488 3190 585 3253 frivoli
601 3190 732 3251 ducentis
747 3189 860 3250 milibus
882 3187 1010 3248 traderet
1023 3185 1109 3246 dice·

97 3287 219 3359 retqoe,
251 3286 435 3356 caenaturum
450 3275 525 3357 apud
542 3273 697 3336 Gaesarem
712 3282 816 3335 vocatu
830 3271 930 3352 ipsius.

5 3355 7 3372 *
160 3361 327 3440 Vectigalia
348 3379 424 3423 nora
446 3370 531 3439 atque
556 3357 679 3420 inaudita
706 3359 829 3436 primum
845 3371 899 3435 per
920 3351 1146 3433 publicanos,4o

96 3447 221 3526 deinde,
252 3447 317 3525 quia
337 3445 448 3506 luorum
470 3441 664 3520 exuberabat,
687 3458 741 3520 por
757 3439 942 3500 centuriones
960 3435 1102 3498 tribunos·

428 3579 482 3654 7.·
535 3591 552 3606 n¹

445 3618 448 3634 t

457 3661 483 3697 ''a‘'
527 3657 545 3692 ,¹⁸

415 3713 419 3720 .
