2412 3876
442 194 547 244 nrvus
570 195 762 244 suonsnns.
1059 185 1097 246 st

87 352 236 431 cepisset.
275 351 377 411 'lutam
399 368 487 429 vero,
509 359 644 431 quantum
667 350 814 429 provideri
840 349 962 412 hnmana
988 351 1101 412 ratione

88 439 204 516 potuit,
228 437 314 496 etiarn
334 435 528 514 inposterum
545 435 698 514 praestitit.
730 434 848 496 Publica
871 451 964 516 opera
978 433 1144 515 plurima2⁹

87 521 234 599 extruxit,
261 539 277 580 e
301 519 405 598 qurlrus
425 518 474 579 vel
494 521 667 598 praecipua:
695 518 802 580 Forum
823 537 887 580 cum
907 519 980 581 aede
1001 519 1102 582 lilartis

13 667 14 670 ,
87 605 221 683 Ultoris,
238 604 376 682 templum
393 603 541 682 Apollinis
556 604 585 662 in
599 602 728 680 Palatio,
751 603 853 665 aedem
868 604 1007 666 Ponantis
1021 604 1102 666 lovis

13 693 15 764 ᾗ
62 690 119 752 sin
136 688 295 769 Capitolio.
331 687 402 748 Fori
420 687 571 748 extruendi
593 705 680 748 causa
700 687 752 748 luit
772 689 916 750 hominum
936 698 966 749 et
981 689 1101 752 iudicio·

13 765 15 798 ³
87 791 155 834 rum
184 771 353 849 multitudo,
386 790 460 852 qnae
490 772 639 833 ridebatur
663 789 721 834 non
751 773 962 834 sufficientibus
989 773 1101 836 duobus

13 881 15 940 ι
89 859 179 919 etiam
193 857 279 918 tertio
294 856 442 934 indigere3
457 858 556 937 itaque
570 857 733 917 festinatius
743 857 866 919 necdum
881 857 1012 937 perfecta
1027 857 1102 920 liar-

87 943 127 1002 tis
151 941 224 1002 aede
244 941 422 1021 publicatum
445 951 506 1019 est,
529 950 700 1020 cautumque
721 950 750 1002 nt
772 945 929 1022 separatim
948 945 976 1002 in
998 960 1035 1003 eo
1050 962 1100 1024 pu·

89 1025 170 1087 blica
195 1026 302 1086 iudicia
329 1032 358 1086 et
376 1027 546 1086 sortitiones
566 1025 690 1086 iudicum
711 1027 824 1087 tierent.
867 1026 980 1087 Aedem
999 1026 1101 1091 Martis

13 1075 16 1130 ἶ
55 1110 172 1171 rabello
193 1109 389 1190 Philippensi,
419 1129 473 1190 pro
497 1110 607 1170 ultione
634 1118 754 1189 paterna
780 1121 936 1192 suscepto,
962 1125 1100 1186 voverat;

89 1195 187 1255 sanxit
203 1213 289 1274 ergo,
307 1203 337 1254 nt
351 1195 390 1254 de
405 1194 492 1255 bellis
509 1194 720 1274 triumphisque
734 1195 782 1256 hic
800 1196 1002 1260 consuleretur
1018 1218 1100 1262 sena·

13 1355 15 1358 Ι
88 1289 155 1355 tus,
173 1281 340 1358 prouincias
356 1293 421 1340 curn
436 1279 558 1358 imperio
575 1279 693 1358 petituri
707 1279 775 1342 hinc
793 1280 1021 1362 deducerentur,
1038 1287 1099 1363 qui·

13 1441 14 1446 ἵ
89 1382 148 1442 que
165 1365 295 1425 uictores
310 1364 470 1442 redissent,
485 1363 543 1424 huc
558 1365 681 1442 insignia
697 1367 906 1446 triumphorum
921 1369 1099 1429 cantarent.

14 1523 16 1526 Ι
89 1447 242 1526 Templum
263 1448 411 1528 Apollinis
431 1451 460 1508 in
487 1466 522 1509 ea
544 1458 627 1528 parte
647 1448 797 1511 Palatinae
821 1452 922 1513 domus
950 1454 1100 1530 excitarit,

54 1550 177 1612 usquam
199 1532 316 1593 fulmine
340 1535 425 1593 ictam
447 1532 609 1594 desiderari
629 1551 646 1594 a
667 1533 722 1594 deo
740 1534 912 1616 haruspices
933 1539 1098 1616 pronuntia·

13 1615 15 1676 l
87 1625 169 1688 rant;
187 1616 295 1677 addidit
310 1619 442 1695 porticae
458 1635 521 1677 cum
536 1617 716 1679 bibliotheca
729 1618 829 1680 latina
845 1619 1026 1698 Graecaque,
1041 1637 1098 1698 quo

87 1701 158 1762 loeo
174 1701 231 1761 iarn
246 1703 346 1762 senior
363 1719 455 1780 saepe
473 1703 559 1762 etiarn
573 1711 703 1762 senatum
724 1702 824 1763 hahuit
841 1704 1035 1781 decuriasque
1058 1707 1098 1763 iu-

89 1785 185 1846 dicum
198 1788 385 1864 recognovit.
417 1785 542 1848 Tonanti
556 1786 620 1848 lovi
641 1785 744 1846 aedem
760 1790 945 1850 consecrarit
960 1787 1100 1850 liberatus

88 1869 241 1949 periculo,
269 1889 333 1931 cum
359 1871 548 1951 expeditione
572 1869 745 1932 Cantabrica
770 1891 825 1952 per
850 1882 1021 1933 nocturnum
1043 1873 1100 1932 iter

13 2025 15 2032 y
51 1937 302 2072 plecticam'eius
322 1955 421 2035 lnlgnr
436 1957 675 2036 praestrinxisset
690 1975 863 2036 servumque
880 1958 1099 2037 praelucentem

13 2035 15 2100 l
50 2073 57 2108 a
89 2040 293 2100 exanimasset.
331 2040 477 2117 Quaedam
493 2042 579 2102 etiarn
595 2057 687 2120 opera
705 2041 758 2102 sub
774 2043 891 2102 nomine
911 2041 1026 2117 alieno,
1048 2058 1098 2110 ne·

13 2135 14 2142 ¹
88 2131 190 2201 potum
206 2124 320 2185 scilieet
336 2134 365 2186 et
381 2126 481 2185 uxoris
496 2126 686 2204 sororisque,
706 2125 794 2203 iecit,
816 2134 846 2186 ut
861 2128 1005 2204 porticum
1022 2123 1098 2186 basi·

87 2207 234 2286 licumque
249 2207 301 2270 Gai
317 2217 347 2268 et
361 2209 446 2286 Luci,
470 2211 537 2270 itern
552 2212 685 2289 porticum
699 2209 797 2271 Liviae
820 2219 849 2270 et
865 2209 1005 2272 Octaviae
1019 2210 1098 2271 thea-

87 2301 220 2372 trumque
236 2292 379 2354 llarcelli.
411 2293 470 2354 Sed
485 2303 515 2354 et
530 2303 647 2354 ceteros
664 2296 814 2374 principes
828 2298 909 2355 uiros
924 2312 1016 2373 saepe
1032 2293 1098 2352 hor·
1174 2303 1192 2328 ⁸

13 2379 15 2456 l
53 2397 79 2439 aa
90 2384 166 2438 tatus
185 2386 244 2454 est,
269 2385 300 2438 ut
320 2395 374 2456 pro
390 2376 528 2440 facultate
544 2379 667 2458 quisque
681 2381 863 2439 monimentis
885 2379 933 2438 vel
949 2379 1036 2438 novis
1049 2375 1099 2437 vel

13 2459 14 2494 ³
88 2461 210 2520 reiectis
235 2469 264 2521 et
288 2461 412 2522 excrrltis
433 2462 533 2523 urbem
560 2461 744 2524 adornarent.
789 2462 936 2540 llaltaque
964 2479 980 2521 a
1001 2459 1099 2520 multis

13 2585 17 2592 ι
89 2553 157 2604 tunc
176 2554 307 2606 extructa
329 2553 411 2623 sunt,
434 2548 509 2606 sieut
532 2545 674 2607 allarcio
693 2546 829 2626 Philippo
852 2545 942 2606 aedes
961 2543 1098 2605 Herculis
1170 2599 1174 2606 ,

88 2627 247 2704 Musarum,
268 2629 330 2690 ala
347 2627 506 2690 Cornificio
527 2631 616 2690 aedes
634 2628 759 2708 Dianae,
783 2630 819 2690 ab
840 2630 943 2690 Asinio
963 2629 1098 2691 Pollione

89 2715 189 2772 atrium
211 2711 384 2792 Libertatis,
406 2733 423 2774 a
442 2715 571 2776 Munatio
592 2714 701 2776 Planco
722 2715 811 2776 aedes
834 2715 1001 2791 Saturni,.a
1025 2713 1097 2775 Cor·

55 2795 169 2860 aonelio
187 2795 454 2878 Balbo‘theatrum,
472 2819 488 2860 a
508 2799 622 2860 Statilio
636 2799 732 2860 'lauro
749 2799 1005 2880 amphitheatrum,
1026 2817 1042 2860 a
1057 2799 1095 2860 dl.

88 2879 310 2961 vero'Agrippa
327 2884 477 2963 complura
493 2892 523 2943 et
540 2885 673 2962 egregia.

148 2965 278 3047 Spatium
292 2966 415 3028 urbisin
429 2969 569 3046 regiones
584 2969 727 3048 vicosque
745 2968 843 3028 diuisit
858 2970 1051 3047 instituitque,
1066 2977 1139 3038 ut30

86 3047 152 3126 illas
168 3051 253 3112 annui
264 3053 449 3129 magistratus
465 3053 569 3114 sortito
584 3061 748 3131 tuerentur,
764 3054 819 3114 hos
830 3054 959 3136 magistri
977 3071 994 3110 e
1007 3051 1095 3132 plebe

88 3137 227 3220 cuiusque
245 3136 370 3196 viciniae
386 3135 467 3196 lecti.
503 3136 654 3197 Aduersus
674 3137 807 3198 incendia
824 3137 964 3199 excubias
979 3145 1094 3198 noctur·

51 3238 138 3282 sanas
156 3220 323 3303 uigilesque
349 3230 528 3282 commentus
551 3229 610 3291 est;
633 3221 668 3282 ad
692 3221 872 3284 coercendas
893 3221 1095 3282 inundationes

13 3319 15 3370 g
87 3301 202 3388 alueum·
216 3303 331 3365 Tiberis
348 3306 457 3367 laxauit
474 3325 509 3367 ac
523 3306 711 3385 repurgavit,
734 3307 909 3386 completum
928 3304 996 3364 olim
1010 3305 1095 3366 rude·

85 3385 163 3448 ribus
184 3399 215 3464 et
234 3388 433 3450 aedificiorum
462 3389 675 3470 prolationibus
701 3399 869 3452 coartatum.
908 3390 974 3465 Quo
1001 3398 1095 3450 autem

84 3471 198 3535 facilins
223 3473 348 3554 undique
375 3475 451 3538 urbs
470 3475 611 3554 adiretur,
638 3475 788 3555 desumpta
811 3475 866 3536 sibl
887 3473 1027 3536 Flaminia
1048 3477 1095 3534 via

13 3567 14 3574 ,
843 3559 886 3620 4,

659 3665 679 3718 ὸ
