2444 3872
140 199 198 262 116
229 211 258 261 c.
276 212 427 263 suenum
441 213 567 273 nunno
583 215 631 261 nn
647 214 731 262 turn
747 213 932 264 consanum
945 217 1016 267 ure.
1033 217 1088 264 111.

139 366 287 446 exemplo,
302 375 366 427 ture
379 367 494 446 quidem
508 385 543 430 ac
554 369 623 428 vino
635 369 808 430 verumsinc
819 369 939 431 tibicine
951 371 1148 452 supplicavit,

95 465 129 524 71
139 459 169 510 ut
184 451 235 510 ille
250 451 319 510 olim
335 453 364 511 in
379 460 473 512 morte
488 451 549 513 lilii.
593 453 736 514 Sermone
751 451 864 515 Graeco
880 472 1051 534 quamquam
1066 455 1146 516 aliu·-

139 537 187 614 qui
204 543 355 614 promptus
370 535 528 614 etfacilis,
549 553 608 596 non
629 545 836 616 tumentisque
857 556 972 617 quaque
994 557 1062 598 usus
1086 548 1147 615 est,

138 619 330 698 abstinuitque
345 621 468 680 maxime
482 621 512 680 in
526 629 643 690 senatu;
662 619 735 680 adeo
750 621 873 700 quidem,
890 631 920 682 ιιι
940 621 1148 702 monopolium

137 705 335 763 nominaturus
349 705 462 764 veniam
483 705 563 784 prius
581 703 755 783 postularet,
777 705 857 782 quod
872 705 927 766 sibi
941 706 1036 766 verbo
1051 723 1167 784 pere-s

137 789 222 866 grino
243 787 377 848 utendum
398 794 491 870 esset3
513 797 599 867 atque
622 789 708 848 etiarn
731 790 846 848 cumin
870 789 995 868 quodam
1016 789 1145 850 decreto

137 881 250 951 patrum
271 870 423 951 ἔμβλημα
442 874 627 950 recitaretur,
650 871 876 932 commutandam
893 875 1006 934 censuit
1022 889 1145 949 vocem,

138 966 168 1016 et
181 973 235 1035 pro
255 957 413 1035 peregrina
427 964 585 1016 nostratem
601 955 804 1034 requirendam
817 965 865 1017 aut
879 959 904 1018 si
918 974 976 1018 nou
992 958 1146 1038 reperire·

137 1051 192 1117 tur,
208 1040 257 1100 rel
273 1039 405 1119 pluribus
419 1048 448 1100 et
462 1057 517 1118 per
531 1038 666 1101 ambitum
679 1038 835 1100 verborum
850 1057 913 1101 rem
927 1040 1144 1102 enuntiandam.

136 1125 256 1187 Militem
267 1123 1177 1203 quoque,-(lraecetestimoniuminterrogatum,nisibatinem

137 1206 321 1287 respondere
339 1208 439 1266 vetuit.

95 1300 130 1358 ιι
197 1290 246 1350 liis
262 1291 376 1350 omniuo
392 1298 454 1350 toto
472 1307 609 1352 secessus
624 1299 758 1371 tempore
768 1293 888 1354 Romam
904 1292 1002 1352 redire
1018 1301 1144 1354 conatus

139 1373 246 1456 (semel
268 1375 377 1434 triremi
397 1375 545 1453 usquead
567 1377 716 1454 proximos
738 1375 924 1438 naumachiae
938 1375 1052 1456 ,hortos
1072 1375 1142 1438 sub·
1208 1429 1212 1432 ,

138 1469 256 1537 ventus,
285 1457 427 1538 disposita
449 1460 573 1520 statione
591 1477 645 1539 per
670 1461 749 1539 ripas
767 1459 899 1536 Tiberis,
934 1477 1008 1538 quae
1024 1458 1143 1520 obviam

137 1544 306 1625 prodeuntis
329 1541 533 1620 submoveret„
560 1545 664 1603 iterum
683 1543 781 1624 Appia
802 1559 894 1622 usque
919 1543 955 1604 ad
983 1543 1141 1622 septimum
1150 1567 1174 1609 ιι

137 1627 279 1708 lapidem)
308 1625 360 1688 sed
388 1628 555 1706 prospectis
581 1627 669 1688 modo
689 1646 745 1686 nec
773 1627 855 1688 aditis
878 1625 1142 1688 inhumanandum

134 1713 235 1784 rediit;
252 1713 345 1792 primo
364 1713 505 1772 incertum
520 1729 576 1790 qua
591 1711 627 1770 de
643 1729 739 1789 causa,
755 1719 859 1790 postea
877 1718 992 1770 ostento
1008 1712 1140 1772 territus.

137 1797 209 1858 Erat
225 1798 252 1856 ei
270 1799 299 1857 in
321 1795 541 1856 oblectamentis
556 1813 679 1874 serpens
694 1794 800 1871 draeo,
822 1811 907 1872 quem
924 1812 962 1853 ex
983 1795 1140 1854 consuetu·

138 1882 204 1942 dine
219 1899 303 1941 manu
319 1897 370 1942 sua
384 1879 531 1941 cibaturus
545 1890 611 1944 ,cum
623 1887 823 1958 consumptum
836 1896 854 1938 a
866 1877 995 1938 formicis
1011 1879 1140 1938 inuenis-

64 2032 65 2035 ,
138 1975 199 2044 set,
221 1965 345 2026 monitus
367 1973 412 2024 est
434 1971 465 2023 ut
485 1965 542 2024 rim
556 1963 742 2024 multitudinis
758 1970 887 2024 careret.
916 1961 1047 2023 Rediens
1063 1977 1175 2041 ergoet
1211 2021 1212 2026 ,

137 2067 267 2129 propere
286 2046 481 2126 Campaniam,
502 2047 628 2108 Asturae
645 2049 674 2107 in
688 2047 859 2126 languorem
873 2045 981 2124 incidit,
995 2065 1053 2125 quc
1069 2065 1140 2126 pau·
1208 2037 1212 2148 p

137 2135 195 2192 lum
209 2133 322 2194 levatus
337 2129 470 2192 Circeios
487 2131 641 2211 pertendit.
672 2131 718 2192 Ac
733 2150 771 2192 ne
787 2147 872 2210 quam
885 2131 1084 2210 suspicionem
1097 2131 1141 2190 in·
1211 2177 1212 2190 2

138 2217 277 2278 firmitatis
297 2215 388 2293 daret,
410 2215 605 2277 castrensibus
622 2215 698 2276 ludis
718 2233 777 2277 non
793 2223 900 2276 tantum
921 2214 1061 2293 interfuit,
1087 2213 1142 2274 sed

138 2303 223 2360 etiam
238 2300 355 2359 missum
367 2301 396 2358 in
412 2298 548 2360 harenam
560 2318 661 2379 aprum
670 2299 773 2361 iaculis
787 2297 913 2378 desuper
923 2299 1011 2378 petit;
1030 2299 1139 2363 statim

139 2403 194 2464 que
214 2384 306 2445 latere
323 2382 463 2444 convulso
482 2393 522 2461 et,
545 2392 575 2444 ut
589 2392 790 2461 exaestuaret,
812 2381 925 2444 allatus
942 2400 1012 2444 aura
1026 2384 1056 2442 in
1072 2400 1174 2461 gra-25

137 2472 248 2529 viorem
263 2467 368 2529 recidit
380 2467 520 2528 morbum.
547 2469 724 2529 Sustentavit
739 2475 835 2528 tamen
851 2465 1025 2546 aliquandiu,
1041 2485 1138 2546 quam·

137 2556 181 2614 vis
190 2553 331 2616 Misenum
339 2571 432 2632 usque
444 2551 584 2614 devectus
597 2551 667 2612 nibil
679 2570 717 2612 ex
732 2551 834 2612 ordine
849 2551 994 2614 cotidiano
1007 2559 1139 2630 praeter·
1211 2627 1212 2634 ἵ

136 2640 280 2714 mitteret,
299 2655 337 2698 ne
352 2637 487 2698 convivia
503 2637 618 2716 quidem
633 2645 681 2696 ant
697 2645 812 2696 ceteras
827 2635 1011 2715 voluptates,
1035 2637 1140 2714 partim
1210 2659 1212 2706 ι

136 2722 356 2801 intemperantia
375 2721 477 2800 partim
495 2719 734 2782 dissimulatione.
776 2718 849 2780 Nam
870 2717 1027 2780 Chariclen
1049 2717 1138 2779 medi·
1209 2709 1212 2806 J

139 2822 219 2881 cum,
243 2802 319 2883 quod
341 2814 501 2865 commeatu
521 2806 649 2866 niuturus
667 2823 683 2865 e
702 2805 837 2866 canutio
854 2803 1010 2882 egrediens
1025 2820 1173 2864 manumm
1211 2809 1212 2820 *

138 2889 194 2950 sibi
209 2888 358 2948 osculandi
376 2906 463 2950 causa
476 2889 733 2969 apprehendisset,
748 2889 915 2948 existimaus
929 2895 1084 2966 temptatas
1101 2885 1138 2948 ab

139 2989 175 3035 eo
190 2990 291 3049 venas,
310 2989 461 3034 remanere
484 2991 519 3034 ac
538 2973 709 3035 recumbere
725 2973 857 3034 hortatus
875 2979 935 3050 est,
960 2987 1138 3057 cqqnamque

65 3089 68 3094 ·
138 3058 290 3137 protraxit.
325 3055 390 3116 Nec
408 3056 542 3118 abstinuit
557 3057 764 3119 consuetudine
782 3057 850 3135 quin
869 3065 939 3116 tunc
956 3073 1075 3136 quoque
1096 3058 1137 3115 in·

139 3150 217 3202 stans
240 3141 269 3200 in
287 3139 381 3201 medic
406 3141 548 3219 triclinio,
566 3150 678 3203 astante
693 3141 815 3219 lictore,
833 3140 965 3219 singulos
980 3141 1082 3201 ualere
1097 3139 1137 3199 di·

96 3225 232 3297 tacentis
248 3225 420 3306 appellaret.
459 3224 576 3286 Interim
593 3244 656 3286 cum
671 3226 700 3285 iu
716 3226 788 3286 actis
804 3234 921 3286 senatus
937 3225 1076 3302 legisset,
1095 3223 1136 3284 di·
1147 3246 1172 3288 ss
1210 3225 1212 3238 ’

137 3311 244 3370 missus
260 3328 296 3372 ac
313 3329 349 3372 ne
363 3310 475 3371 auditos
492 3311 607 3390 quidem
625 3309 764 3389 quosdam
784 3325 864 3387 reos,
886 3308 922 3370 ds
947 3307 1049 3388 quibus
1073 3309 1138 3368 stri·

141 3395 207 3454 ctim
231 3403 260 3454 et
280 3394 349 3454 nibil
364 3393 440 3454 aliud
454 3413 539 3473 quam
556 3397 716 3456 nominatos
732 3393 768 3454 ab
784 3393 880 3455 indice
896 3395 1068 3472 scripserat,
1082 3409 1139 3472 pro

141 3487 306 3558 contempto
334 3497 367 3540 se
391 3477 519 3540 habitum
545 3481 672 3542 fremens
699 3486 838 3558 repetere
863 3476 994 3558 Capreas
1019 3483 1138 3556 quoquc
