2416 3876
130 145 194 208 280
391 160 624 227 ,o.·snnrou11
643 160 858 220 unuuonrum

132 312 313 375 cousuetudo
331 323 361 374 ut
378 323 586 393 componantur
608 324 742 396 pegmata
765 333 781 376 a
801 314 933 374 ludorum
953 315 1132 376 theatralium

131 397 300 458 editoribus.
345 397 441 457 Sceua
459 406 567 474 autem,
588 416 664 478 quae
687 397 792 474 flebat,
813 407 860 458 aut
874 399 990 458 versilis
1005 408 1069 459 erat
1089 410 1134 460 aut
1199 401 1201 404 ’

132 481 256 542 ductilis.
300 480 423 542 Versilis
435 491 502 541 tuuc
517 491 588 560 erat,
604 501 668 542 cum
684 482 778 543 subito
792 490 852 541 tota
867 482 1005 542 machinis
1021 483 1132 562 quibus·

131 565 197 626 dam
213 565 436 626 convertebatur
451 574 480 625 et
495 565 579 626 aliam
594 568 724 644 picturae
739 567 845 626 facicm
859 566 1042 628 ostendebat.
1078 567 1134 627 Du-

132 649 209 708 ctilis
220 658 297 724 tunc,
314 667 377 708 cum
392 651 492 710 tractis
507 650 642 711 tabulatis
657 651 713 710 hac
727 658 814 729 atque
830 649 898 710 illae
913 652 1030 728 speeies
1044 653 1163 731 picta-s

131 753 183 794 rae
197 733 358 793 nudabatur
378 734 497 792 interior
514 777 521 790 .
539 779 545 792 .
563 779 570 792 .
593 734 669 811 quod
685 736 779 794 Varro
795 742 825 794 et
840 734 994 794 Suetonius
1011 751 1137 795 comme·

131 827 253 878 morant.
299 815 428 877 Seruius
440 817 484 876 ad
499 814 586 897 Verp.
604 817 715 897 Georq.
736 825 764 894 3,
782 825 831 878 24.

194 901 296 962 Primis
317 910 411 962 autem
430 901 625 980 temporibus,
647 911 677 962 ut
699 900 807 964 adserit
821 900 1017 981 Tranquillus,
1042 906 1138 963 omnia

132 1004 207 1066 quae
222 987 250 1046 iu
266 1003 355 1046 scena
370 993 521 1046 versantur
536 988 565 1045 in
579 984 732 1046 comoedia
747 985 923 1063 agabertum
946 1004 1009 1046 uam
1022 996 1051 1046 et
1066 1005 1135 1067 pau·

130 1073 264 1132 tomimus
279 1079 309 1129 et
319 1069 472 1147 pythaules
487 1078 516 1129 ct
529 1070 682 1132 choraules
695 1073 723 1129 iu
738 1069 889 1130 comoedia
901 1070 1053 1132 cauebant.
1077 1071 1137 1132 Sed
1147 1088 1173 1128 ro

131 1157 196 1234 quia
222 1171 279 1213 non
294 1162 429 1233 poteraut
444 1155 539 1214 omnia
557 1154 639 1214 simul
661 1154 738 1234 apud
759 1170 861 1214 omnes
878 1155 1005 1216 artifices
1027 1157 1136 1234 pariter

131 1236 300 1314 excellere,
314 1237 339 1296 si
355 1238 403 1315 qui
419 1247 501 1297 eraut
519 1241 594 1299 iuter
610 1248 726 1299 actores
743 1237 958 1300 comoediarum
973 1256 1028 1318 pro
1044 1239 1135 1300 lacul-

131 1331 189 1383 tate
211 1329 241 1382 et
258 1329 321 1382 arte
341 1322 491 1400 potiores,
513 1323 705 1402 principatum
733 1321 790 1380 sihi
810 1321 923 1382 artilicii
941 1322 1136 1384 vindicabant.

131 1407 180 1467 Sic
202 1405 388 1482 factumest,
414 1413 444 1464 ut
466 1405 631 1466 nolentibus
652 1405 760 1466 cedere
783 1406 874 1464 mimis
891 1407 920 1465 iu
938 1408 1059 1466 artificio
1082 1425 1137 1466 suo
1200 1441 1201 1484 3

132 1492 239 1552 ceteris
257 1491 403 1568 separatio
421 1489 503 1548 deret
518 1489 702 1569 reliquorum.
747 1489 820 1550 Nam
835 1488 900 1549 dum
916 1493 1047 1571 potiores
1062 1491 1136 1550 infe·
1149 1510 1176 1550 rs
1200 1497 1201 1572 ζ

130 1573 268 1650 rioribus,
292 1572 388 1654 quiin
408 1576 483 1632 omni
503 1575 666 1650 ergasterio
689 1582 788 1650 erant,
805 1575 916 1633 servire
932 1574 1138 1651 dedignantur,

129 1677 163 1720 se
178 1659 260 1737 ipsos
276 1675 293 1718 a
309 1657 458 1716 comoedia
474 1667 692 1737 separaverunt,
706 1675 742 1718 ao
753 1659 798 1717 sic
811 1656 920 1717 lactum
935 1666 1023 1717 estut
1038 1676 1139 1718 exem-

129 1741 180 1822 plo
198 1741 288 1802 semel
300 1751 414 1819 sumpto
432 1759 503 1800 uuus
515 1743 636 1821 quisque
645 1743 715 1800 artis
730 1759 800 1802 suae
811 1759 873 1800 rem
887 1744 992 1820 exequi
1002 1744 1141 1820 coeperit

129 1844 224 1905 neque
245 1827 274 1885 iu
297 1824 477 1885 comoediam
492 1826 603 1885 venire.
649 1823 737 1886 Cuius
757 1827 801 1885 rei
818 1824 924 1886 indicia
940 1825 1065 1905 produnt
1084 1844 1138 1886 uo-

128 1909 175 1970 bis
190 1911 325 1987 autiquae
342 1908 528 1985 comoediae,
551 1911 580 1968 in
594 1909 704 1988 quibus*
711 1910 885 1977 inaeniorum
908 1919 973 1970 acta
985 1909 1062 1970 tibiis
1082 1929 1133 1989 pa·
1146 1932 1174 1973 ao
1199 1959 1201 1968 .

128 1994 208 2053 ribus
226 2001 272 2052 aut
294 1991 452 2070 imparibus
472 2001 520 2052 aut
538 1993 673 2053 sarranis.
719 1992 839 2068 Quando
862 1994 937 2052 enim
961 1993 1068 2054 chorus
1091 2012 1140 2054 ca·

128 2077 231 2152 nebat,
257 2075 383 2135 choricis
407 2073 501 2152 tibiis,
527 2075 556 2135 id
585 2084 629 2136 est
656 2076 846 2154 choraulicis,
869 2077 974 2138 artifex
999 2079 1140 2138 concine-

127 2159 191 2225 bat;
221 2161 249 2217 in
279 2161 392 2218 cantico
419 2167 512 2218 autem
534 2158 707 2238 pythaulicis
727 2159 929 2240 responsabat.
974 2161 1034 2222 Sed
1058 2161 1141 2240 quod

129 2241 245 2323 paribus
263 2240 340 2301 tibiis
360 2242 407 2302 vcl
422 2241 578 2321 imparibus
595 2245 754 2304 invenimus
769 2245 920 2325 scriptum,
950 2246 1008 2305 hoc
1025 2247 1141 2322 signill-

128 2335 189 2387 cat:
211 2324 316 2406 quodsi
332 2326 447 2404 quaudo
469 2325 605 2386 monodio
628 2327 753 2405 agebat,
774 2346 857 2388 uram
880 2329 976 2389 tibiam
1000 2329 1179 2406 iuliabat325

126 2411 277 2490 siquando
293 2408 428 2487 spuodio,
444 2419 591 2489 utrasque.
620 2410 787 2472 Diomedes
799 2409 862 2471 ΙΙΙ.
878 2430 909 2490 p.
920 2420 978 2474 489
993 2412 1027 2472 P.
1045 2415 1143 2475 ouius

126 2500 226 2559 totum
236 2499 333 2572 ooput
345 2491 409 2553 tom
427 2493 499 2554 inde
513 2511 535 2554 a
551 2512 583 2573 p.
603 2502 672 2556 482.
696 2494 842 2558 Suetonio
857 2494 965 2556 debera*
976 2497 1114 2559 addetur.

188 2579 255 2639 Sica
278 2597 294 2638 a
313 2578 439 2638 secando
461 2579 537 2639 dicta
560 2578 816 2658 ...Tranquillus
843 2580 1038 2642 autemdicit:
1061 2580 1141 2642 Cum

127 2662 274 2722 cuiusdam
296 2661 467 2740 gladiatoris
494 2666 522 2722 iu
539 2662 635 2723 ludum
656 2666 752 2724 emissi
766 2665 879 2742 gladius
903 2673 1039 2724 curvatus
1062 2665 1140 2726 fuis-

125 2755 172 2805 set
189 2763 227 2806 ex
243 2746 307 2806 acie
322 2756 412 2823 recta,
429 2749 574 2825 procurrit
594 2765 665 2807 uuus
681 2747 715 2808 ad
731 2747 760 2807 id
777 2747 996 2826 corrigendum,
1015 2758 1138 2828 tumque
1151 2772 1181 2812 ao

126 2847 142 2889 a
158 2837 306 2908 pugnante
321 2847 494 2910 responsum
511 2840 572 2892 est:
589 2831 632 2891 sic
647 2830 701 2891 hac
716 2830 863 2910 pugnabo.
893 2831 963 2891 lude
980 2833 1062 2893 sicae
1083 2851 1138 2894 no-

123 2931 190 2972 meu
208 2912 303 2973 datum
321 2922 376 2974 eet.
418 2911 565 2975 Isidorus
580 2915 699 2995 etymol.
716 2923 767 2988 18,
788 2924 816 2992 d,
840 2923 868 2976 8.

186 2996 286 3058 Bitbus
309 3005 338 3056 et
355 2997 497 3058 Bacchius
525 2999 716 3076 gladiatorum
743 3000 856 3060 nomina
884 2999 1034 3061 celebrata
1056 3003 1140 3080 apud

124 3082 293 3145 Suetonium
306 3080 503 3160 Tranquillum
518 3082 571 3142 sub
582 3081 727 3162 Augusto.
773 3083 828 3158 Qui
843 3101 906 3143 cum
922 3084 1028 3145 multos
1043 3086 1138 3146 iuter·

124 3166 276 3244 emissent,
300 3166 445 3227 commissi
467 3166 543 3226 iuter
562 3185 595 3228 se
616 3168 719 3227 mutuis
738 3166 907 3228 vulneribus
928 3169 1135 3230 conciderunt.
1149 3190 1180 3230 ns

122 3249 161 3311 nt
177 3271 240 3312 cum
257 3249 362 3311 eodem
378 3259 510 3328 ternpore
527 3251 629 3311 mulier
645 3269 719 3330 quae
734 3257 846 3330 septem
864 3251 1024 3329 extulerat,
1040 3253 1137 3314 nube-

121 3341 168 3393 ret
179 3334 206 3394 ei
221 3335 269 3413 qui
281 3351 388 3394 uxores
403 3343 515 3411 septem
531 3336 675 3412 amiserat,
690 3335 880 3414 compositum
895 3344 939 3394 est
951 3336 1137 3416 epigramma

121 3414 181 3476 tale
197 3416 212 3457 *
227 3420 244 3458 *
260 3416 283 3457 *’
319 3414 448 3478 Sobolie
462 3415 507 3476 ad
520 3415 631 3480 Horat.
646 3425 705 3480 eat.
726 3427 752 3496 1,
771 3425 799 3495 7,
819 3425 866 3479 20.
