2438 3872
419 239 523 288 nrvus
539 241 783 290 vassnsrnnus
907 199 913 213 ⁸
1050 227 1111 292 233

109 391 209 472 pilum
226 399 357 469 mutare,
373 411 436 454 non
451 412 563 456 mores.
603 396 675 458 Sunt
692 406 792 457 contra
817 398 865 476 qui
886 397 1055 476 opinentur,
1076 395 1111 457 ad

112 475 260 536 manubias
283 485 312 536 et
334 478 451 556 rapinas
471 481 650 540 necessitate
676 480 855 561 compulsum
876 500 983 541 summa
1008 483 1111 542 aerarii

113 561 262 640 liscique'
254 562 366 639 rnopia;
384 560 421 621 de
437 579 492 640 qua
507 565 676 624 testificatus
698 567 735 624 sit
756 566 838 624 initio
853 567 946 624 statim
967 565 1110 644 principa·

114 654 177 721 tus,
204 643 357 723 professus
381 645 631 726 quadringenties
649 648 761 709 millies
776 666 855 727 opus
873 665 950 725 esse,
966 655 1000 708 ot
1012 666 1108 726 resp.

1 739 2 790 ἕ
92 735 203 790 actare
214 734 331 826 posset
357 728 441 804 Quod
458 739 487 788 et
503 749 565 790 verr
558 732 700 792 similius
715 733 846 810 videtur,
861 732 974 811 qnando
992 741 1021 792 et
1036 733 1110 792 male

1 819 2 822 ’
114 815 205 892 partis
222 813 330 891 optime
347 831 415 872 usus
431 821 486 872 est.
525 813 558 874 ln
574 832 659 876 omne
673 815 818 876 hominum
832 835 925 894 genus
942 815 1109 876 liberalissi·
1119 832 1151 886 ιγ

113 915 190 972 mus,
213 897 343 975 expleuit
359 914 476 960 censum
501 902 689 977 senatorium,
712 899 882 960 consulares
903 902 1006 979 inopes
1029 902 1108 979 quin-

113 981 198 1057 genis
214 982 357 1040 sestertiis
372 983 472 1040 annuis
489 986 669 1061 snstentavit,
686 984 822 1062 plurimas
840 1001 892 1062 per
904 992 992 1043 totum
1009 983 1109 1044 orbem

114 1065 247 1124 civitates
262 1071 451 1124 terraemotu
467 1074 514 1124 aut
530 1067 664 1127 incendio
679 1068 801 1128 afllictas
818 1069 942 1126 restituit
957 1069 986 1126 in
997 1067 1109 1144 melius,
1163 1081 1168 1089 ·

75 1149 230 1225 coingenia
251 1156 281 1207 et
301 1156 379 1207 artes
399 1148 446 1207 vel
470 1151 591 1210 maxime
613 1151 695 1210 iovit.
732 1151 841 1211 Primus
855 1169 885 1208 .e
908 1153 979 1211 fisco
1003 1150 1156 1214 batinis18

114 1230 293 1310 Graecisque
311 1230 477 1292 rhetoribus
491 1251 583 1294 annua
608 1244 730 1296 centena
752 1235 913 1304 constituit;
935 1236 1109 1312 praestantis

114 1323 229 1395 poetas,
244 1333 300 1374 nec
316 1332 374 1375 non
390 1324 419 1376 et
433 1317 576 1394 artifices,
594 1316 674 1379 Coae
690 1319 829 1395 Veneris,
847 1319 914 1378 item
930 1316 1048 1378 Colossi
1063 1337 1107 1377 re·

113 1400 256 1460 lectorem
277 1400 382 1476 insigni
399 1402 548 1478 congiario
568 1420 729 1482 magnaque
745 1402 881 1462 mercede
897 1402 1028 1470 donavit;
1050 1419 1108 1460 me-

114 1483 234 1544 chanico
251 1501 378 1562 quoque,
394 1484 513 1561 grandis
530 1485 678 1546 columnas
691 1489 796 1563 exigua
809 1487 939 1564 impensa
955 1485 1108 1564 perductu-

76 1586 176 1630 rsrum
192 1568 220 1626 in
239 1564 412 1646 Capitolium
428 1568 596 1646 pollicenti,
615 1573 772 1648 praemium
789 1586 843 1648 pro
867 1578 1028 1629 commento
1051 1585 1108 1627 non

113 1650 262 1710 mediocre
278 1651 392 1729 optulit,
408 1669 527 1730 operam
542 1653 822 1732 remisitpraciatus
838 1653 952 1714 sineret
962 1670 996 1712 se
1003 1651 1106 1730 plebe·

114 1735 217 1796 culum
228 1751 373 1812 poscere.
409 1734 511 1812 Ludis,
528 1753 581 1815 per
597 1754 669 1817 quos
687 1755 794 1797 scaena
809 1736 988 1797 Marcelliani
1006 1735 1109 1796 theatri
1119 1745 1154 1798 19

113 1820 246 1880 restituta
261 1817 458 1896 dedicabatur,
474 1829 575 1880 vetera
592 1838 710 1900 quoque
727 1829 891 1881 acroamata
905 1828 1106 1886 revocaverat.

113 1902 247 1983 Apellari
263 1902 406 1980 tragoedo
423 1903 651 1982 quadringenta,
668 1905 785 1983 Terpno
797 1903 987 2002 Diodoroque
1006 1903 1107 1966 cithar-

73 2007 102 2048 ιι
113 1987 196 2048 cedis
211 1986 332 2063 ducena,
351 1987 495 2048 nonnullrs
505 1997 636 2064 centena
655 1988 758 2068 quibus
769 1989 910 2047 minimum
923 1987 1109 2067 quadragena

1 2085 2 2088 ’
111 2071 247 2132 sestertia
263 2089 352 2148 super
367 2070 505 2150 plurimas
520 2089 645 2132 coronas
663 2090 766 2132 aureas
788 2070 874 2131 dedit
911 2071 970 2131 Sed
992 2078 1021 2131 et
1040 2087 1107 2128 con·

4 2171 11 2174 ·
84 2143 264 2216 vitabatur
281 2154 406 2231 assidue,
426 2173 460 2214 ac
472 2157 589 2234 saepius
604 2165 685 2216 reeta
701 2164 730 2215 et
742 2155 864 2234 dapsile,
882 2165 912 2215 ut
923 2154 1108 2216 macellarios

111 2239 271 2300 adiuvaret.
307 2236 400 2298 Dabat
415 2239 491 2298 orout
500 2239 737 2300 Saturnalibus
709 2241 780 2298 vrris
794 2239 988 2338 apophoreta,
1005 2240 1042 2298 ita
1054 2255 1108 2315 per

111 2323 158 2384 tss.
175 2322 257 2383 Mart.
273 2322 401 2392 feminis;
425 2331 454 2382 et
476 2332 621 2382 tamenne
637 2325 679 2383 sic
695 2323 811 2402 quidem
827 2324 947 2401 pristina
970 2321 1107 2400 cupidita·

73 2423 100 2464 ιι
112 2411 149 2469 tis
165 2407 280 2466 iniamia
296 2407 396 2472 caruit.
425 2404 614 2467 Alexandrini
629 2406 827 2482 Cybiosacten
844 2425 907 2466 eum
922 2423 1032 2466 vocare
1042 2423 1107 2484 per·

111 2498 332 2566 severaveruut,
350 2490 524 2566 cognomine
540 2493 623 2551 unius
638 2510 655 2550 e
670 2490 790 2568 regibus
807 2492 866 2549 suis
880 2490 1107 2568 turpissimarum

111 2575 248 2636 sordium.
285 2572 387 2634 Sedet
403 2576 431 2632 in
446 2574 548 2634 lunera
562 2574 659 2634 Fauor
674 2575 855 2634 archimimus
876 2589 1029 2651 personam
1045 2567 1108 2631 eiu‘s

110 2660 210 2720 ierens
224 2658 404 2736 imitansque,
422 2667 452 2717 nt
468 2666 513 2717 est
528 2675 602 2734 mos,
622 2658 699 2718 iacta
716 2676 750 2718 ac
766 2657 842 2716 dicta
858 2658 927 2733 sivi,
945 2657 1106 2732 interroga·

111 2745 148 2803 tis
164 2742 258 2821 palam
274 2741 530 2822 procuratoribus,
555 2743 651 2820 quanti
673 2742 757 2801 iunus
779 2749 809 2801 et
825 2757 932 2819 pompa
948 2747 1106 2816 constaret,

74 2835 141 2887 cont
159 2825 245 2902 audit,
261 2826 401 2886 sestertio
419 2826 563 2900 centiens,
581 2826 769 2902 exclamavit,
787 2831 905 2885 castum
919 2822 982 2884 etti
993 2830 1105 2884 secter·

111 2910 156 2972 tic
171 2909 292 2986 dorent,
309 2927 348 2970 cc
362 2927 397 2968 se
410 2910 461 2971 cel
474 2909 506 2970 in
527 2907 659 2969 Tiberim
671 2909 858 3007 proicerent.

174 2955 292 3053 Statura
303 2994 356 3052 init
368 2993 515 3072 quadrata,
534 2993 695 3071 compactis
707 2994 853 3071 firmisque
865 2991 1010 3068 membris,
1027 2991 1106 3050 vultu
1115 2989 1166 3051 20⁸

111 3077 200 3138 veluti
215 3078 347 3145 nitentis;
371 3076 407 3136 de
424 3095 489 3175 quo·
499 3076 611 3155 quidam
632 3077 806 3136 urbanorum
826 3093 883 3136 ncn
906 3076 1047 3136 infacete:
1069 3075 1105 3133 si·

112 3161 227 3244 quidem
244 3161 370 3240 petenti,
392 3169 465 3220 utet
481 3162 508 3218 in
527 3179 560 3220 sc
580 3159 687 3238 aliquid
711 3161 837 3236 diceret,
856 3159 984 3234 Dicam,
1006 3149 1105 3236 iuquit,

75 3263 180 3306 ascum
199 3251 333 3306 sechem
355 3261 530 3305 cessavcre
545 3243 683 3305 desieris.
728 3204 893 3305 valitudine
910 3243 1107 3322 prosperrima

112 3347 182 3389 usus
197 3338 252 3406 est,
269 3328 398 3407 quamvis
415 3327 449 3386 ad
465 3326 598 3387 tuendam
614 3345 676 3388 eam
692 3327 761 3386 nihil
777 3328 898 3406 amplius
911 3344 994 3406 quam
1006 3323 1106 3385 fauces

113 3423 270 3491 ceteraque
280 3411 406 3473 membra
418 3411 531 3470 sibimet
545 3411 737 3472 adnumerum
750 3413 778 3469 in
796 3410 1002 3489 sphaeristerio
1019 3409 1106 3470 deiri·

113 3496 395 3574 caret,inediamque
408 3496 489 3554 unius
502 3494 558 3554 diei
571 3513 625 3574 per
636 3494 1105 3572 singulosmensesinterponeret.
