2412 3876
506 181 612 232 navus
635 181 763 232 rubrus.
842 143 860 196 '
1098 172 1140 233 27

131 343 196 416 tus,
217 337 381 418 supplicem
400 336 435 397 ad
456 355 488 398 se
508 338 632 417 recepit.
667 335 863 402 Alexandriae
884 340 964 400 circa
988 351 1183 418 oppugna-tt

132 423 244 482 tionem
257 423 355 500 pontis
367 423 521 499 eruptione
531 420 657 484 bostium
672 419 766 484 subita
778 422 936 502 conpulsus
951 423 980 483 in
991 421 1138 502 scapham,

132 505 266 586 pluribus
293 503 398 565 ecdem
422 501 696 585 praecipitantubas,
727 523 791 566 oram
816 506 964 568 desilisset
992 508 1021 565 in
1049 521 1139 582 mare,

133 587 230 651 nando
246 587 458 668 perducentes
473 606 578 668 passus
591 591 685 650 evasit
699 588 735 650 ad
752 592 911 670 proximam
925 606 1045 667 navem,
1063 589 1140 651 elata

107 673 236 750 slaeva,
260 691 296 732 ne
322 671 414 732 libelli
442 689 517 752 quos
545 673 663 736 tenebat
682 673 888 754 medeberent,
910 672 1140 755 paludamentum

133 757 282 818 mordicus
297 755 431 833 trabeas,
447 773 484 817 ue
500 757 597 838 spolio
614 765 766 838 poteretur
780 759 883 820 bcstls.
1139 757 1169 832 tl·

194 841 316 904 blilitarn
336 857 430 920 usqae
452 840 619 902 amoribus
641 859 736 922 neque
758 860 776 904 a
795 842 889 904 icrma
905 840 1065 922 probabat,
1087 841 1183 902 sed65

133 934 271 986 tantuma
288 923 409 1002 viribus,
426 924 625 1006 tractabatque
642 928 704 1006 pari
716 915 972 1005 severffate'atque
989 923 1139 1002 indulgen-

134 1011 183 1071 tia.
215 1007 283 1069 Non
299 1010 376 1068 enim
390 1007 498 1090 ubique
513 1027 548 1072 ac
563 1027 695 1090 semper,
707 1009 761 1072 sed
776 1028 841 1070 cunr
851 1011 944 1070 bostis
961 1012 990 1070 in
1004 1011 1140 1090 proximo

1 1118 2 1134 ²
97 1100 232 1172 mosset,
252 1091 424 1154 coercebat:
446 1101 505 1154 tntu
522 1095 644 1156 maxime
663 1103 786 1156 exactor
802 1095 992 1172 gravissimus
1010 1092 1140 1172 discipli·

133 1196 207 1256 nae,
223 1186 254 1237 ut
268 1193 365 1257 neque
380 1178 491 1238 itineris
506 1195 602 1256 neque
618 1178 724 1258 proelii
740 1186 854 1258 tempus
872 1177 1070 1255 denuntiaret,
1086 1175 1140 1238 sed

132 1269 265 1344 paratum
280 1269 310 1321 et
321 1263 458 1322 intentam
472 1263 626 1323 momentis
639 1262 770 1323 omnibus
784 1279 843 1342 quo
860 1261 951 1324 vellet
962 1263 1059 1322 subito
1072 1259 1139 1322 edu-

135 1353 228 1408 ceret.
259 1343 345 1421 Quod
361 1347 446 1408 etiam
460 1347 523 1406 sine
539 1363 625 1408 causa
638 1347 806 1426 plerumque
820 1346 963 1426 faciebat,
979 1347 1140 1426 praecipue

133 1430 242 1512 pluviis
258 1439 288 1493 et
302 1429 386 1490 iestis
402 1429 513 1490 diebus.
551 1431 597 1491 Ac
612 1429 748 1508 subinde,
766 1430 978 1492 observandum
992 1449 1026 1492 se
1043 1428 1139 1490 admo·

96 1533 225 1593 canens,
245 1521 369 1614 rep-eppe
383 1513 507 1576 interdiu
527 1515 576 1575 vel
593 1523 682 1576 nocte
702 1533 736 1574 se
751 1513 939 1576 subtrahebat
955 1513 1138 1594 augebatque

134 1601 209 1676 iter,
231 1607 263 1658 ut
282 1615 377 1660 seruus
399 1597 603 1678 subsequentis
628 1597 814 1676 defatigaret.
845 1599 933 1660 Fama
953 1615 1027 1659 vero
1048 1596 1183 1658 hostico

133 1683 204 1744 lium
221 1683 371 1763 copiarum
385 1685 559 1762 perterritos
574 1700 633 1744 non
646 1682 782 1762 negando
797 1681 1007 1759 minuendave,
1030 1679 1083 1741 sed
1097 1681 1138 1740 in·

134 1785 225 1847 super
240 1766 444 1847 amplificando
460 1766 702 1847 ementiendoque
720 1766 917 1828 confirmabat.
957 1764 1058 1844 ltaque
1076 1780 1140 1824 cunr

134 1852 305 1931 expectatio
321 1849 461 1912 adventus
472 1850 561 1912 lubae
572 1850 711 1912 terribilis
723 1860 816 1929 esset,
833 1851 1004 1912 convocatis
1019 1849 1056 1909 ad
1071 1865 1139 1908 ccc·

39 1983 43 1990 Ι
96 1953 125 1997 ao
133 1937 245 1996 tionem
260 1935 398 1996 militibus
413 1933 548 2012 Scitote,
566 1937 673 2014 iuquit,
688 1934 888 2013 paucissimis
901 1933 950 1994 bis
965 1931 1074 1994 diebus
1088 1947 1137 1992 re·

131 2035 202 2100 perc
222 2017 403 2098 adfuturum
424 2037 492 2081 mssa
513 2019 616 2081 decem
636 2019 823 2100 lepiccs‘bor,
847 2018 979 2100 equitum
998 2016 1138 2111 tripintm

133 2103 212 2166 levis
224 2109 407 2166 armaturae
417 2110 533 2165 centwc
543 2103 683 2182 milibus,
696 2103 867 2184 elephantis
879 2101 1032 2164 nocenda.
1060 2099 1137 2162 Pro·

132 2185 207 2248 indo
231 2187 374 2250 desinam
392 2186 518 2268 quidum
539 2206 691 2268 quaerere
710 2187 796 2250 altro
815 2196 873 2250 cot
885 2187 1027 2266 opinari,
1049 2183 1137 2245 mibi·

134 2289 210 2352 qce,
226 2271 280 2352 qui
289 2277 479 2350 compertum
494 2271 610 2350 bedec,
624 2271 774 2344 credam
789 2270 980 2351 quiquidem
995 2269 1137 2332 actualia·

98 2376 124 2418 aa
135 2357 217 2416 simu
228 2372 311 2417 sacae
324 2355 487 2436 impositos
502 2373 690 2437 quocumque
704 2362 793 2418 cento
807 2356 840 2418 iss
855 2371 1062 2437 quoscumque
1076 2359 1137 2414 tes·-

133 2457 194 2501 rue
210 2438 321 2502 iubebo
337 2439 437 2502 coalui.
769 2460 771 2464 ’

198 2522 313 2585 Delicta
333 2542 429 2604 neque
450 2523 626 2586 observabat
650 2526 742 2586 omnia
763 2540 858 2601 neque
879 2539 933 2602 pro
950 2519 1037 2580 modo
1053 2523 1181 2580 assedit

136 2605 292 2687 qnebatur,
313 2607 367 2668 sed
390 2608 572 2668 desertorum
591 2625 626 2668 ac
651 2608 856 2669 seditiosorum
881 2615 912 2665 et
935 2605 1090 2684 inquisitor
1109 2609 1139 2661 et

136 2693 253 2773 punitor
275 2693 450 2770 acerrimus,
473 2691 629 2754 conivebat
648 2694 676 2751 in
700 2692 818 2752 ceteris.
862 2690 908 2750 Ao
928 2701 1140 2766 nonnumquam

100 2785 205 2857 sopcst
224 2793 356 2854 magnam
375 2793 501 2856 pugnarn
525 2785 610 2856 atque
632 2777 798 2854 victoriam,
823 2775 948 2836 remisso
975 2772 1140 2833 ciliciorum

135 2878 270 2940 munere,
300 2860 445 2922 licentiam
471 2877 585 2922 ornnem
611 2860 718 2941 passim
743 2857 914 2920 lasciviendi
943 2853 1138 2938 permittebat,

134 2947 245 3006 iactare
259 2944 391 3025 solitus,
409 2945 527 3008 ‘milites
550 2963 625 3006 scos
650 2943 740 3006 etiam
762 2949 966 3023 capcentctcs
987 2940 1064 3002 bene
1078 2929 1167 3050 pas-l
1196 3005 1200 3011 ,

133 3045 236 3110 poure
246 3046 349 3108 posse.
394 3029 459 3116 Nec
480 3029 586 3090 milites
602 3047 656 3090 eos
670 3047 725 3108 pro
743 3029 898 3106 condoce,
918 3025 971 3087 sed
985 3023 1137 3086 blandiore

134 3114 252 3180 nomiae
271 3114 547 3175 commilitones
563 3111 744 3192 appellabat,
765 3110 947 3192 habebatque
968 3119 1025 3172 tam
1042 3107 1138 3170 cultos

100 3206 166 3268 aaut
179 3205 303 3276 argento
319 3206 349 3258 et
364 3213 434 3259 auro
446 3197 548 3278 ‘politis
562 3198 648 3258 annis
664 3204 797 3274 ornaret,
813 3197 896 3257 simul
911 3204 940 3256 et
955 3194 991 3256 ad
1007 3189 1138 3273 speciem

134 3289 166 3342 et
184 3297 243 3360 quo
264 3283 430 3344 tenaciores
451 3297 551 3342 eorum
569 3282 598 3340 iu
613 3280 728 3360 proelio
745 3288 844 3342 essent
859 3288 937 3340 metu
952 3278 1054 3339 damni.
1089 3274 1139 3335 Di·

135 3365 248 3444 ligebat
264 3383 381 3446 quoque
396 3365 588 3446 usqueadeo,
604 3373 634 3425 ut
649 3363 745 3426 audita
761 3365 844 3427 clade
858 3363 1003 3425 Tituriana
1020 3357 1140 3420 barbam

15 3523 19 3532 ,
135 3446 331 3530 capillumque
345 3451 518 3512 summiserit
532 3467 587 3511 uec
601 3457 668 3511 acte
682 3449 841 3531 dempserit
856 3463 940 3527 quam
952 3444 1140 3506 vindicasset.
