2412 3876
486 227 692 280 PRAEFATIO.
924 228 1046 280 uxum

133 390 267 448 intimem.
312 389 354 444 lle
378 388 486 460 quidem
511 389 745 446 contradicentem
767 405 821 446 non
838 389 967 460 habebit,
993 387 1041 462 qui

134 479 227 531 totum
242 489 344 545 corpus
360 471 513 528 Latinarum
528 472 682 528 litterarum
701 472 837 529 historiae
853 474 1041 531 Suetonianae

133 563 248 630 septem
265 552 311 612 vel
327 563 390 612 octo
405 555 510 613 libellis
526 555 687 611 constitisse
703 555 757 613 sibi
776 557 956 629 persuaserit.

201 639 330 697 Fortasse
351 644 465 710 quaerut
483 638 584 710 aliquis
602 638 703 710 ecquid
723 646 815 696 exstet
834 639 948 710 indicii,
968 641 1042 697 unde

138 725 255 780 elucent
278 738 333 794 quo
354 720 527 793 potissimum
552 728 677 793 temporo
699 721 850 780 Suetonius
872 724 925 778 hos
951 723 1040 780 libros

139 806 266 863 edidisse
288 806 432 868 uideatur;
462 821 550 876 neque
573 804 816 876 praetermittenda
836 812 901 863 sunt
914 821 985 878 quae
1006 807 1041 864 ad

135 906 201 946 eam
221 905 280 944 rem
305 888 507 945 diiudicandam
529 886 695 960 pertineant.
741 887 821 954 Quod
845 889 870 944 si
893 888 1041 945 illustrium

137 973 264 1029 virorum
284 973 318 1028 ab
338 972 389 1027 illo
409 971 575 1043 scriptorum
596 976 687 1027 aetate
709 977 864 1042 postremos
888 970 1040 1029 contuleri-

136 1071 200 1112 mus
215 1071 276 1112 eum
290 1055 327 1111 iis
342 1069 412 1126 quos
428 1070 483 1110 non
499 1052 623 1125 scripsit,
638 1053 784 1124 probabile
800 1053 931 1110 iudicium
946 1056 1039 1112 lacere

139 1139 312 1202 videbimur:
340 1137 465 1194 urorum
493 1136 565 1192 enim
589 1137 744 1193 nominibus
770 1143 798 1192 et
818 1137 884 1194 ritis
909 1137 1041 1194 abstinuit

138 1221 313 1278 necessario.

204 1303 434 1362 Commemoravit
453 1303 540 1373 igitur
567 1319 595 1375 p.
614 1308 665 1362 utu
689 1303 902 1374 Quintilianum,
922 1305 1040 1374 Isaeum,

138 1388 239 1445 lulium
254 1389 382 1444 lironem
394 1388 533 1455 rhetores,
550 1400 620 1456 quos
633 1393 778 1457 antequam
792 1387 857 1443 libri
874 1388 908 1443 de
922 1388 1042 1444 lllustri-

137 1473 193 1529 bns
208 1473 277 1528 viris
294 1472 441 1527 ederentur
457 1469 529 1525 diem
545 1467 641 1526 obisse
659 1474 779 1540 oportet.
823 1470 879 1526 laur
893 1468 1040 1536 Quintilia-

139 1571 193 1611 nus
208 1557 253 1611 vel
269 1553 425 1611 ltomitiano
437 1552 482 1608 vel
497 1550 587 1608 Nerva
602 1552 756 1623 imperante
772 1552 829 1608 lato
845 1549 1040 1628 corcossttffi),

140 1638 238 1696 lseeus
255 1640 306 1694 sub
322 1636 402 1694 initia
417 1635 589 1708 principatus
598 1635 707 1690 Traiani
724 1650 821 1690 annunt
837 1637 1041 1706 sexagesimum

139 1728 304 1778 excesserat
315 1725 387 1776 teste
403 1717 492 1774 Plinio
511 1718 591 1789 epist.
605 1723 632 1786 2,
645 1725 671 1786 3,
688 1723 714 1775 5.
732 1717 784 1772 clr.
800 1719 939 1774 luvenalis
951 1726 978 1789 3,
990 1724 1040 1783 74;

141 1805 240 1860 lulium
258 1805 396 1873 Tironem,
416 1818 496 1872 quem
518 1801 642 1856 nonnulli
666 1800 793 1870 imperite
812 1818 872 1856 cunr
896 1801 1040 1858 Ciceronis

140 1887 245 1944 liberto
262 1883 328 1960 (cir.
349 1903 377 1958 p.
392 1891 454 1954 189,
473 1879 522 1956 14)
539 1884 731 1946 contuderunt,
749 1883 820 1939 idem
836 1884 940 1940 Plinius
958 1886 1040 1956 epist.

137 1977 176 2040 6,
196 1978 229 2031 31
251 1977 383 2028 mortuum
401 1983 465 2024 esse
486 1966 572 2023 tradit
587 1983 647 2023 cum
665 1967 797 2022 Traianus
813 1967 841 2022 in
855 1966 941 2023 Dacis
956 1975 1042 2039 esset,

140 2055 161 2109 i.
181 2071 206 2112 e.
225 2071 296 2110 anuo
312 2059 362 2113 106
378 2054 422 2109 vel
440 2056 500 2111 106.
522 2049 593 2106 lline
610 2049 766 2106 certissime
782 2050 917 2121 sequitur,
932 2057 962 2106 ut
979 2058 1043 2123 post

139 2153 240 2194 anuum
256 2136 352 2210 106„hi
368 2133 433 2190 libri
449 2133 517 2191 editi
532 2134 597 2189 sint.

204 2220 281 2276 Nunc
299 2218 445 2275 videndum
460 2219 494 2273 de
512 2217 548 2273 iis
565 2232 635 2288 quos
654 2217 829 2287 Tranquillus
844 2232 898 2273 uon
916 2217 1039 2290 scripsit.

140 2303 243 2360 Eorum
258 2310 315 2359 tres
330 2301 452 2371 nomino,
470 2300 628 2356 Iuvenalem
643 2300 766 2355 Tacitum
782 2299 897 2356 Plinium
904 2294 950 2374 ο1).
994 2302 1040 2356 lu-

140 2387 248 2443 venalis
266 2387 405 2453 vitarum,
429 2399 497 2456 quas
524 2384 613 2439 editas
639 2382 703 2439 vide
729 2382 801 2453 epud
823 2381 950 2438 Ottonenr
974 2384 1041 2440 lahn

141 2477 237 2543 p.386,
251 2469 351 2525 nullam
368 2467 495 2524 Suetonii
510 2483 543 2523 ac
561 2482 594 2521 ne
609 2465 679 2521 satis
690 2466 800 2536 quidem
814 2471 950 2521 vetustam
967 2483 1040 2536 esse,

138 2555 195 2612 iam
212 2554 284 2608 inter
302 2567 397 2608 omnes
412 2555 534 2614 coustat;
550 2548 678 2619 singulae
693 2547 765 2603 euim
781 2549 843 2620 plus
860 2547 983 2605 minusue
1000 2551 1041 2604 ls-

140 2639 257 2693 bulosae
279 2642 342 2692 sunt
363 2641 391 2690 et
410 2633 484 2689 nulla
507 2632 561 2688 lide
577 2632 694 2701 dignae,
716 2647 776 2688 cunr
802 2631 837 2688 de
857 2631 918 2704 ipsu
940 2638 1040 2705 poetae

139 2726 232 2778 aetate
251 2724 362 2775 taceant
381 2723 428 2775 aut
449 2716 520 2773 iales
544 2715 671 2784 tradent,
696 2731 775 2786 quent
801 2732 826 2771 a.
851 2720 899 2774 127
921 2716 949 2771 ln
969 2716 1041 2772 rivis

137 2845 348 2861 ψ

208 2913 254 2979 62)
270 2915 343 2966 Pelso
360 2917 485 2966 viventem
498 2914 613 2964 nonnulli
628 2929 643 2964 a
660 2915 740 2964 Plinio
755 2923 779 2965 et
797 2915 915 2966 Iuvenale
931 2928 1041 2965 comme·

139 2985 233 3034 morari
249 2983 391 3035 voluerunt.
426 2982 541 3033 Pliniana
556 2983 661 3048 epistole
677 2983 707 3043 6,
728 2983 762 3034 32
778 2985 801 3034 si
820 3000 878 3035 rere
894 2984 926 3033 ed
943 2982 1041 3042 Quinti·

139 3053 235 3106 mum
254 3052 313 3102 deta
336 3060 387 3111 est,
415 3050 478 3101 nihil
503 3065 595 3101 ceuetoe
613 3058 718 3117 apparet
739 3068 783 3112 cur
802 3053 834 3102 de
858 3052 934 3103 sablo
956 3051 1040 3116 magle

141 3120 263 3185 quamde
280 3119 361 3170 Nonio
376 3120 505 3186 eepletur;
528 3110 654 3170 rhetorem
670 3120 755 3170 omnia
770 3121 921 3182 excludunt,
950 3119 996 3168 cir.
1012 3119 1038 3180 2,

141 3189 183 3249 14,
201 3189 226 3240 9.
249 3188 275 3250 6,
292 3188 322 3251 6,
337 3187 361 3239 3.
398 3186 525 3238 luvenalis
544 3187 614 3238 locus
632 3186 770 3250 7,189dc
788 3197 887 3241 mortno
902 3188 964 3254 ugit,
982 3201 1040 3236 cum

138 3255 182 3309 lile
199 3271 250 3309 non
268 3256 348 3309 solent
368 3255 417 3308 nisi
434 3263 547 3307 mortum
563 3270 676 3322 cer-pere.

207 3341 255 3407 63)
277 3341 341 3393 Nasu
355 3342 387 3393 de
403 3340 489 3392 Selrio
504 3341 601 3393 Iuliano
620 3348 644 3391 et
662 3342 788 3391 Frontone
804 3348 829 3389 et
844 3339 958 3406 Ulpiano,
975 3352 1039 3403 qnos

140 3408 281 3476 liemarum,
302 3410 378 3462 eredo
395 3418 422 3460 ut
438 3410 608 3460 centenarium
626 3423 758 3460 numerum
776 3409 919 3473 compleret,
937 3414 1037 3474 postre-

141 3492 194 3530 mus
214 3479 286 3542 leolt,
307 3478 472 3543 hieronymus
488 3477 635 3543 Eutropium
655 3478 698 3527 lib.
719 3476 782 3526 Vlll.
797 3484 924 3527 auctorem
939 3475 1033 3526 hebuit
