2412 3876
114 211 154 274 ts
198 223 228 271 c.
246 199 396 271 sunuor'u
415 221 543 284 uacuo.
561 222 609 268 ou
625 221 707 270 usus
723 221 909 270 osussauu
923 218 993 272 ure.
1010 225 1034 271 1.

114 377 259 459 equitibus
273 375 341 438 hino
363 386 393 437 et
407 377 472 438 inde
490 378 661 438 commissis.
697 377 770 437 Nam
788 394 845 457 quo
860 377 953 438 laxius
968 376 1122 438 dimicare-

113 473 176 542 tur,
197 461 330 524 sublatae
344 469 439 522 metae
456 461 543 539 inque
559 479 656 522 earum
671 461 768 520 locum
782 461 849 521 bina
866 471 961 523 castra
977 461 1120 523 exadver-

114 565 176 609 sum
199 549 352 607 constituta
377 555 468 606 eraut.
512 545 666 622 Athletae,
689 546 782 606 stadio
799 545 835 606 ad
857 555 970 625 tempus
986 555 1121 613 extructo

111 633 237 710 regione
251 629 335 692 Marti
352 631 460 709 campi,
478 637 662 690 certaverunt
679 647 733 708 per
752 629 884 690 triduum.
914 629 1016 692 Nauali
1034 647 1120 708 proe-

112 715 163 793 lio,
178 717 207 775 in
226 717 337 775 minore
354 711 467 774 Codeta
485 714 606 774 defosso
622 714 687 773 lacu
704 713 829 774 biremes
850 732 886 774 ac
901 717 1034 776 triremes
1050 729 1147 792 qua-s

114 801 313 879 driremesque
330 798 436 874 Tyriae
458 808 487 858 et
504 798 670 877 Aegyptiae
687 797 791 858 classis
805 816 911 876 magno
928 807 1122 878 pugnatorum

112 901 233 945 numero
250 882 450 944 condixerunt.
494 881 540 943 Ad
557 900 631 960 quae
648 885 742 942 omnia
758 883 928 961 specutacula
942 890 1050 944 tantum
1070 900 1121 941 un·

114 967 201 1047 dique
218 967 356 1028 conduxit
368 966 529 1044 bominum,
543 975 574 1026 ut
588 966 722 1046 plerique
738 966 869 1027 advenae
884 976 932 1028 aut
946 969 1022 1028 inter
1035 967 1121 1026 vicos

114 1061 162 1112 aut
179 1054 254 1112 inter
274 1054 337 1112 vias
356 1050 552 1111 tabernaculis
573 1051 677 1129 positis
696 1059 860 1120 manerent,
884 1069 919 1112 ac
940 1067 1033 1130 saepe
1048 1067 1121 1129 prae

114 1136 197 1196 turba
215 1135 279 1195 elisi
295 1135 507 1213 exanimatique
530 1135 587 1194 sint
604 1134 717 1214 plurimi
732 1144 761 1194 et
777 1136 806 1194 in
820 1134 865 1195 bis
882 1134 939 1196 duo
955 1143 1120 1196 senatores.
1133 1153 1163 1196 ιι
1202 1123 1204 1198 l

66 1235 107 1286 4ο
180 1218 350 1279 Conversus
364 1219 432 1278 binc
442 1218 479 1280 ad
491 1214 679 1278 ordinandum
691 1235 735 1278 rer
728 1217 884 1297 publicae
899 1229 1013 1294 statum,
1026 1219 1121 1279 fastos

119 1303 265 1380 correxit,
285 1305 341 1364 iam
356 1301 468 1381 pridem
482 1303 552 1363 vitio
567 1304 735 1381 pontificum
755 1321 809 1382 per
826 1303 1014 1364 intercalandi
1030 1303 1121 1362 licen-

114 1390 182 1449 tiam
199 1386 274 1447 adeo
295 1385 444 1464 turbatos,
465 1397 496 1447 ut
515 1404 611 1465 neque
629 1389 766 1447 messium
783 1388 876 1448 leriae
897 1396 1008 1448 aestate
1024 1403 1123 1464 neque
1202 1453 1204 1460 ¹

113 1470 320 1532 uindemiarum
335 1473 469 1531 autumno
488 1479 695 1550 conpeterent;
714 1487 877 1551 annumque
894 1470 930 1532 ad
946 1489 1061 1532 cursum
1072 1486 1122 1530 so·

114 1557 150 1616 lis
163 1553 411 1631 accommodavit,
435 1565 465 1615 ut
481 1561 677 1615 trecentorum
700 1558 852 1632 sexaginta
868 1557 994 1634 quinque
1010 1555 1163 1620 durumne

116 1647 205 1716 esset,
221 1647 250 1699 et
265 1638 451 1700 intercalario
466 1657 566 1700 mense
581 1639 697 1699 sublato
715 1657 788 1699 unus
803 1639 867 1698 dies
882 1647 986 1719 quarto
1002 1656 1122 1718 quoque

115 1739 191 1784 anno
213 1722 445 1784 intercalaretur.
480 1723 545 1798 Quo
568 1730 662 1783 autem
682 1725 776 1800 magis
796 1725 992 1802 inposterum
1012 1741 1051 1783 ex
1063 1722 1121 1783 Ka·

115 1806 211 1867 lendis
224 1806 366 1868 Ianuariis
382 1809 468 1868 novis
485 1809 648 1886 temporum
663 1810 737 1867 ratio
757 1815 950 1885 congrueret,
971 1809 1047 1867 iuter
1060 1805 1122 1866 No·

114 1891 264 1951 vembrem
285 1910 321 1952 ac
334 1890 527 1952 Decembrem
541 1909 670 1950 mensem
688 1892 833 1951 interiecit
853 1891 927 1952 dnos
942 1890 1031 1951 alios:
1055 1890 1122 1950 tnta
1200 1943 1204 1954 .

115 1992 173 2053 que
188 1975 214 2034 is
230 1979 337 2052 annus,
355 1992 412 2054 quo
429 1975 504 2036 baec
520 1974 781 2052 constituebantur,
801 1974 966 2054 quindecim
979 1975 1162 2040 mensiumso

118 2077 182 2118 cum
200 2059 406 2135 intercalario,
431 2061 532 2138 quiex
548 2058 778 2119 consuetudine'
770 2078 798 2118 ιιι
814 2078 878 2120 eum
894 2077 997 2120 anunm
1011 2057 1122 2118 incide·
1202 2115 1204 2128 ,

71 2159 106 2210 41
117 2151 171 2202 rut
206 2143 342 2202 Senatum
359 2144 520 2223 supplevit,
547 2144 687 2220 patricios
709 2143 836 2220 adlegit,
859 2151 1026 2255 praetorum
1043 2141 1122 2202 aedi·
1202 2133 1204 2156 ¹

116 2227 186 2286 lium
213 2228 412 2303 quaestorum,
448 2228 589 2286 minorum
622 2227 707 2286 etiam
731 2219 956 2306 magistratuum
973 2243 1123 2288 numerum
1203 2287 1204 2296 ,

118 2308 280 2387 ampliavit;
302 2307 425 2370 nudatos
446 2328 539 2389 opere
560 2313 695 2371 censorio
712 2321 760 2371 aut
781 2311 1060 2371 sententiaiudicum
1081 2308 1121 2370 de

117 2392 225 2454 ambitu
242 2393 450 2455 condemnatos
472 2396 604 2454 restituit.
632 2393 753 2454 Comitia
778 2412 841 2454 cum
861 2394 973 2474 populo
998 2395 1162 2474 paratusne

117 2485 224 2554 estut,
244 2480 378 2557 exceptis
390 2479 556 2538 consulatus
569 2478 816 2558 conpetitoribus,
832 2477 869 2538 de
885 2487 984 2538 cetero
999 2495 1122 2538 numero
1199 2481 1204 2494 '

116 2560 334 2622 candidatorum
351 2580 405 2642 pro
425 2572 506 2642 parte
522 2561 635 2622 dimidia
657 2581 731 2641 quos
748 2562 874 2641 populus
889 2562 980 2622 vellet
995 2579 1123 2642 pronun·
1203 2639 1204 2642 Ἴ

115 2645 273 2722 tiarentur,
294 2664 349 2725 pro
371 2655 454 2724 parte
477 2646 569 2707 altera
589 2664 663 2724 quos
685 2648 750 2725 ipse
772 2645 920 2706 edidisset.
957 2645 994 2706 Et
1014 2644 1125 2706 edebat

115 2745 171 2807 per
185 2727 303 2789 libellos
321 2731 428 2790 circum
451 2729 554 2790 tribum
573 2731 680 2792 missos
701 2731 846 2809 scriptura
863 2729 965 2790 brevi:
998 2727 1125 2792 Caesar
1197 2806 1202 2812 .

99 2811 253 2872 'dictator
276 2812 324 2873 illi
344 2813 449 2874 tribui.
488 2812 671 2876 Commendo
692 2813 783 2875 cobis
803 2814 889 2875 illum
909 2819 940 2873 el
963 2813 1066 2890 illum,
1090 2819 1163 2875 otto

116 2901 219 2956 oestro
235 2893 387 2976 cuffraqio
402 2916 492 2958 suom
507 2899 687 2978 dignitatem
706 2904 837 2959 teneaat.
867 2896 992 2958 Admisit
1012 2899 1050 2960 ad
1069 2897 1124 2958 bo-

117 2994 209 3038 nores
224 2988 254 3039 et
268 2984 501 3060 proscriptorum
516 2983 637 3043 liberos.
673 2982 783 3042 ludicia
801 2981 837 3042 ad
852 2981 909 3042 duo
925 2999 1037 3059 genera
1052 2982 1125 3044 iudi·

119 3078 181 3122 cum
192 3063 322 3141 redegit,
336 3068 481 3144 equestris
497 3067 606 3126 ordinis
618 3085 654 3127 ac
666 3065 819 3136 senatorii;
833 3065 965 3127 tribunos
977 3067 1122 3146 amasios,

117 3147 195 3224 quod
211 3157 274 3208 erat
289 3150 416 3226 tertium,
433 3151 555 3211 sustulit.

181 3230 347 3293 Recensum
366 3235 467 3312 populi
481 3253 538 3294 nec
554 3253 636 3294 more
651 3252 707 3294 nec
721 3234 791 3296 loco
808 3234 915 3312 solito,
937 3231 992 3295 sed
1005 3235 1166 3296 vicadmss
1190 3273 1204 3293 ι

117 3331 173 3389 per
192 3315 328 3378 dominos
350 3318 505 3380 insularum
527 3321 600 3396 egit,
623 3327 710 3399 atque
731 3337 770 3380 ex
794 3319 897 3397 uiginti
921 3318 1126 3398 deceptisque

114 3399 231 3461 milibus
254 3405 457 3482 accipientium
478 3403 649 3464 trumentum
668 3422 686 3464 e
707 3403 827 3482 publico
851 3401 888 3463 ad
910 3408 1025 3464 centum
1040 3403 1125 3482 quin·

118 3485 256 3560 quaginta
279 3489 416 3558 retraxit3
441 3505 476 3548 ac
493 3505 529 3546 ne
552 3489 599 3566 qui
613 3489 682 3548 novi
707 3497 810 3548 coatus
829 3487 1013 3548 recensionis
1034 3503 1124 3548 causa

21 3581 48 3622 s.
260 3608 262 3615 .
1044 3589 1046 3595 ·
1191 3571 1204 3586 ⁴
