2444 3872
533 163 706 214 maumas.
1088 149 1131 215 07

126 314 207 396 plebi
224 315 277 376 init
292 316 450 381 secedendi
465 336 565 380 rursm
580 319 603 380 a'
612 318 753 399 patribus.
785 318 922 381 Claudios
935 318 1057 398 Drusus,
1072 326 1131 379 sta·

124 409 174 462 tua
196 399 249 464 sihi
265 399 425 464 diademata
440 401 477 462 ad
491 402 571 482 Appi
587 403 694 464 Forum
709 405 822 484 posita,
840 403 952 465 ltaliam
970 418 1024 482 per
1041 401 1130 462 elien·

125 484 200 548 telas
222 502 369 567 ououpare
389 489 548 568 temptavit.
590 487 727 550 Claudias
749 487 875 549 Pulcher
895 486 971 568 apud
991 486 1130 564 Siciliam,

33 601 36 606 ·
125 586 185 630 non
206 571 394 648 psaoentihns
413 572 443 632 in
459 571 637 652 auspicando
653 572 740 653 pullis
755 589 790 634 ao
806 590 861 652 per
874 579 1069 650 contemptum
1084 587 1131 631 re·

101 651 244 731 oligionis
263 657 334 715 mari
355 655 511 735 demersis,
533 659 614 737 quasi
633 663 670 718 ut
687 655 826 718 diberent
840 655 964 737 quoodo
980 671 1050 715 esse
1063 653 1131 715 uol-

124 738 205 815 letit,
232 740 375 818 proelium
395 741 498 802 nasale
522 741 598 812 iniit;
626 751 855 822 superatusque,
878 757 942 800 enm
962 739 1133 800 dictatorem

125 822 226 884 dicere
248 841 267 883 a
287 833 390 885 senatu
403 824 567 903 iuberetur,
590 826 671 886 velut
691 828 794 887 iterum
815 823 950 886 inludens
975 823 1132 884 discrimini

124 907 260 988 publico,
278 908 389 969 Glioian
400 910 540 970 viatorem
557 928 637 970 strum
652 909 732 970 dixit.

187 991 295 1052 Extant
303 1002 333 1053 et
342 993 511 1054 feminarum
520 994 778 1074 exempladlversa
793 1011 896 1073 aeque,
905 991 1045 1071 siquidem
1059 1008 1132 1068 gen-

90 1079 162 1139 attis
183 1076 312 1138 eiusdem
330 1087 451 1157 utraque
469 1077 589 1140 claudia
605 1079 674 1157 luit,
692 1087 722 1139 et
740 1095 816 1158 quae
833 1093 936 1137 navem
956 1093 1019 1135 cnm
1040 1075 1132 1134 saeris

122 1161 225 1224 Hatris
250 1161 335 1224 ἀωιι
360 1161 466 1223 ldaeae
493 1163 700 1225 obhaerentem
724 1161 863 1224 l'iherino
890 1159 967 1220 vado
997 1159 1131 1234 extraxit,

124 1255 246 1326 prosata
262 1246 432 1326 propalam,
449 1254 485 1308 ut
498 1248 544 1309 itu
558 1247 676 1309 demum
691 1265 726 1308 se
740 1251 939 1329 sequeretur,
955 1245 985 1304 si
998 1241 1061 1304 sibi
1073 1259 1131 1320 pu·

9 1369 10 1378 1
124 1329 236 1392 diuitis
255 1337 436 1403 σοιιιιαισις
465 1341 495 1392 et
516 1351 590 1412 quae
613 1350 691 1394 novo
712 1349 795 1393 more
815 1329 951 1390 iudicium
972 1327 1133 1388 maiestatis

124 1413 203 1494 apud
230 1415 368 1494 populum
394 1415 498 1476 mulier
523 1417 625 1494 subiit,
653 1417 730 1496 qnod
750 1418 779 1476 in
800 1415 932 1475 oonlerta
953 1410 1134 1472 multitudine

89 1512 115 1555 ss
125 1518 217 1577 aegre
234 1499 415 1578 procedente
432 1510 572 1579 carpento
588 1501 683 1580 palam
699 1508 866 1581 optaverat,
890 1504 924 1558 ut
937 1497 1043 1576 frater
1057 1510 1134 1555 otus

124 1583 258 1646 Pulcher
277 1585 485 1646 reuiuesceret
505 1593 597 1666 atque
613 1587 723 1646 iterum
736 1585 869 1644 classem
884 1583 1051 1654 omitteret,
1074 1595 1133 1658 quo

11 1707 15 1715 ·
123 1669 226 1729 minos·
251 1667 346 1728 turdo
368 1667 489 1729 Romus
512 1668 605 1747 foret.
653 1668 809 1728 Praeterea
842 1666 1051 1728 notatissimum
1078 1670 1133 1738 est,

9 1803 11 1816 .
125 1750 266 1815 Claudios
282 1753 387 1828 omnis,
404 1761 532 1832 exeepto
548 1752 704 1812 dumtaxat
719 1751 749 1811 P.
769 1751 892 1828 Clodio,
909 1749 957 1829 qui
973 1747 1011 1808 oh
1031 1741 1134 1825 expel-

9 1839 11 1882 Ξ
124 1836 242 1898 lendum
262 1835 334 1895 urhe
351 1833 526 1896 Ciceronem
541 1836 659 1915 plebeio
675 1836 781 1896 homini
799 1844 884 1913 atque
900 1835 986 1893 etiam
1000 1839 1068 1891 natu
1083 1829 1133 1887 mi·

9 1975 11 1992 ‚
89 1931 115 1974 ιι
125 1922 192 1981 nori
209 1921 239 1979 in
255 1919 442 2000 adoptionem
457 1939 490 1980 se
506 1919 599 1998 dedit,
617 1922 771 1998 optimates
786 1919 1014 1995 adsertoresque
1031 1915 1135 1974 unioos

125 2003 275 2082 dignitatis
307 2021 343 2065 ao
374 2007 523 2084 potentiae
549 2005 733 2084 patriciorum
761 2019 879 2082 semper
907 2001 1013 2076 luisse,
1048 2007 1135 2078 atqua

124 2089 267 2151 adversus
283 2088 401 2168 plebem
414 2089 489 2150 adeo
504 2089 652 2150 uiolentos
667 2097 696 2148 et
711 2097 912 2162 oontomaoes,
928 2093 958 2144 ut
974 2103 1011 2144 ne
1029 2079 1135 2162 eapitis

124 2171 242 2254 quidem
264 2173 415 2254 qaisquam
430 2191 499 2234 raus
517 2173 593 2253 apud
613 2174 752 2253 populum
766 2181 877 2234 matare
894 2179 1006 2231 vestem
1022 2176 1071 2228 ant
1086 2165 1136 2225 de·

124 2257 245 2339 predari
259 2259 440 2329 sustinuerit;
458 2258 588 2318 nonnulli
602 2259 631 2316 in
646 2257 836 2318 altereatione
852 2265 883 2316 et
897 2255 992 2331 iurgio
1004 2251 1136 2312 tribunos

90 2340 209 2424 saplebi
225 2340 412 2421 pulsaverint.
445 2341 539 2404 Etiam
553 2343 639 2420 virgo
655 2343 784 2403 Vestalis
797 2339 1066 2416 fratrem,‚iniussn
1084 2352 1136 2414 po-

127 2424 189 2506 puli
212 2426 450 2506 triumphantem,
475 2444 598 2488 ascenso
622 2426 705 2486 simol
729 2445 830 2504 ourrn,
851 2441 943 2504 nsque
966 2423 994 2480 in
1017 2419 1137 2499 capito·

125 2512 196 2572 linm
215 2520 373 2589 prosecuta
393 2521 454 2591 est,
480 2531 517 2572 ne
542 2521 643 2572 vetare
663 2519 711 2570 aut
732 2509 915 2571 intercedere
937 2506 983 2566 las
1005 2503 1139 2584 oniqnam

125 2595 307 2656 trihunorum
322 2604 411 2656 esset.

191 2677 240 2738 ldx
258 2678 314 2739 hae
339 2681 431 2762 stirpe
451 2679 585 2741 'liberios
607 2677 718 2740 Caesar
739 2695 833 2757 genos
856 2674 957 2754 trahit,
979 2683 1008 2734 et
1023 2673 1166 2752 quideme,

11 2813 17 2842 .,
91 2766 297 2842 mumnmpie:
321 2773 501 2843 paternuma
520 2763 639 2825 l'iherio
655 2763 790 2839 Nerone,
812 2768 972 2822 maternum
988 2758 1023 2818 ab
1038 2756 1138 2836 Appio

128 2847 271 2926 Pulehro,
292 2848 341 2926 qui
363 2847 448 2910 amho
464 2848 544 2930 Appi
562 2847 651 2910 (laeui
672 2848 722 2909 lilii
742 2848 866 2908 inerunt.
898 2843 1028 2903 Insertus
1050 2847 1141 2901 estet

127 2931 274 2992 Liviorum
295 2932 435 3011 familiae,
459 2933 599 3013 adoptato
620 2935 649 2992 in
673 2951 735 2993 eam
752 2940 882 2992 materno
898 2946 964 2989 avo.
999 2927 1080 3002 Quae
1097 2924 1138 2983 la-

127 3015 225 3093 milia,
251 3033 413 3096 quonum
437 3017 570 3098 pleheia,
597 3027 692 3078 tamen
717 3025 746 3076 et
767 3019 831 3095 ipsa
857 3013 1009 3075 admodum
1033 3008 1138 3084 floruit,

129 3109 198 3162 outo
216 3101 435 3180 consulatibus,
460 3104 592 3164 censuris
609 3101 736 3177 duabus,
759 3098 909 3178 triumphis
922 3095 1031 3171 trihus,
1050 3084 1138 3154 diota·

92 3197 119 3241 aa
130 3193 194 3245 tura
218 3186 305 3247 etiam
327 3203 362 3249 su
378 3188 546 3266 magisterio
563 3188 689 3266 equitum
704 3186 861 3254 honorata;
883 3183 961 3242 clara
977 3175 1139 3254 etinsigni·

128 3267 185 3328 hus
203 3269 293 3347 airis,
316 3287 352 3332 ao
372 3271 496 3332 maxime
517 3273 681 3332 Salinatore
702 3271 872 3350 Drnslsqoe.
912 3265 1058 3326 Salinator
1080 3259 1140 3320 nni-

128 3366 235 3414 versas
254 3355 347 3416 trihus
363 3359 391 3416 in
408 3373 530 3417 oensnra
545 3357 657 3416 notavit
670 3357 798 3418 levitatis
811 3351 943 3425 nomine,
963 3345 1055 3426 quod,
1075 3361 1141 3404 oum

11 3384 25 3542 ,l
129 3455 163 3497 se
186 3439 256 3519 post
275 3441 402 3519 priorem
423 3441 604 3504 eonsulatom
627 3440 714 3500 multa
734 3442 870 3510 irrorata
887 3432 1139 3507 condemnassent,
1190 3475 1194 3484 .
