2444 3872
536 220 1112 282 rreunrus.103

105 408 161 471 pro
180 388 222 448 itu
237 395 266 447 et
283 386 377 446 reditu
392 403 445 447 suo
462 387 571 468 suscipi
586 406 706 466 passus,
728 395 758 446 ut
773 385 885 464 vulgo
876 405 931 446 ram
948 405 1002 465 per
1016 389 1112 448 iocum

0 466 1 473 ἵ
105 472 209 536 Calli
219 457 350 551 pprdes
362 479 517 531 vocaretur
530 474 632 552 (quem
645 472 785 530 cursitare
798 488 832 530 ac
844 486 881 530 ne
895 469 983 531 cubiti
997 471 1112 550 quidem
1176 510 1181 524 ι

0 590 1 625 ;
103 574 268 620 mensuram
284 553 425 635 progredi
440 555 600 634 proverbio
616 553 729 616 Graeco
746 563 872 614 notatum
887 554 958 632 est).
991 556 1050 615 Sed
1065 573 1110 615 or·
1119 573 1156 630 39

103 643 190 704 batus
215 649 339 719 utroque
359 639 437 715 lilio,
467 657 588 718 quorum
609 638 834 700 Germanicus'
826 657 855 698 ru
877 639 975 716 Syria,
1001 639 1112 700 Drusus

79 728 217 789 sllomae
232 723 360 799 obierat,
381 741 530 784 secessum
546 722 720 803 Campaniae
739 725 825 800 petit;
849 726 991 784 constanti
1008 734 1036 784 et
1050 726 1111 805 opi·

102 813 191 873 nioue
213 817 242 868 et
262 825 397 868 sermone
416 825 509 886 paene
533 809 657 868 omnium
677 808 759 886 quasi
783 825 877 887 neque
894 807 1038 869 rediturus
1053 827 1111 868 um·

103 913 189 975 quam
216 902 245 953 et
270 893 327 952 cito
353 901 475 951 mortem
501 893 587 952 etiam
614 889 753 968 oltiturus.
793 891 879 967 Quod
904 893 991 971 paulo
1019 895 1112 952 minus

102 989 254 1058 utrumque
271 977 383 1046 evenit;
398 994 463 1036 uam
475 994 568 1055 neque
578 976 701 1036 Romam
715 975 836 1054 amplius
848 976 943 1053 rediit,
959 985 989 1036 et
1000 994 1111 1056 paucos

103 1073 173 1143 post
194 1063 256 1122 dies
277 1061 356 1121 iuxta
372 1059 557 1121 Tarracinam
578 1061 606 1119 in
629 1061 795 1138 praetorio,
818 1064 863 1120 cui
880 1060 1044 1141 Speluncae
1060 1079 1110 1120 no·
1159 1117 1163 1126 ,

1 1205 2 1208 ,
65 1163 170 1207 remen
191 1155 250 1223 est,
277 1145 449 1224 incaenante
471 1163 508 1204 eo
530 1143 681 1224 complura
699 1152 728 1204 et
750 1146 879 1222 iugentia
901 1163 969 1206 saxa
990 1145 1110 1206 fortuito
1149 1176 1155 1195 ι

1 1295 3 1299 ,
104 1249 233 1309 superne
242 1192 373 1308 delapsa
393 1238 458 1288 sunt
466 1201 854 1308 ,multisqudconvivarum
869 1238 898 1289 et
915 1230 1111 1290 ministrorum

103 1316 198 1392 elisis,
218 1321 335 1394 praeter
349 1330 432 1392 spem
446 1273 549 1375 e’vasit.

1 1392 7 1403 '
167 1399 324 1476 Peragrata
353 1395 524 1476 Campania,
557 1417 621 1458 cum
648 1395 765 1494 Capuae
796 1396 985 1477 Capitolium,
1014 1397 1155 1468 Nolacao

102 1483 242 1563 templum
264 1481 401 1560 Augusti,
429 1499 513 1560 quam
541 1487 663 1543 causam
671 1481 872 1562 profectionis
894 1481 1110 1561 praetenderat,

64 1581 91 1621 1⁶
102 1568 281 1644 dedicasset,
303 1565 433 1646 Capreas
450 1583 482 1625 se
498 1567 634 1643 contulit,
657 1569 817 1647 praecipue
832 1566 994 1627 delectatus
1008 1568 1110 1645 insula,

101 1650 181 1754 quod
199 1668 255 1712 uno
272 1666 423 1736 parvoque
439 1650 524 1711 litore
540 1651 680 1728 adiretur,
704 1661 788 1730 septa
803 1650 929 1750 undique
946 1654 1111 1731 praeruptis

1 1737 2 1818 l
99 1739 258 1797 immensae
282 1731 438 1794 altitudinis
463 1736 583 1815 rupibus
611 1745 640 1795 et
667 1735 812 1815 profundo
838 1736 920 1795 mari.
952 1736 1111 1815 Statimque

1 1832 2 1895 l
99 1827 261 1883 revocante
282 1817 396 1879 assidua
421 1819 616 1880 obtestatione
635 1820 746 1900 populo
765 1829 888 1899 propter
905 1819 1031 1897 cladem,
1055 1837 1112 1898 qua

100 1905 178 1985 apud
190 1901 316 1964 Fidenas
329 1921 417 2000 supra
430 1905 533 1980 viginti
549 1904 693 1965 hominum
708 1904 786 1965 milia
801 1903 975 1981 gladiatorio
991 1921 1111 1980 munere

46 1983 303 2069 aoamphitheatri
331 1987 413 2048 ruina
434 1989 599 2066 perierant,
627 1991 739 2048 transiit
760 1990 788 2047 iu
809 1989 1004 2048 continentem
1027 1997 1110 2066 pote-

98 2082 262 2152 statemque
278 2070 407 2131 omnihus
424 2072 546 2132 adeundi
562 2091 604 2132 sur
598 2071 703 2132 'iccio
726 2080 805 2132 tauto
821 2073 929 2150 magis,
944 2072 1022 2171 quod
1039 2071 1109 2132 urlre

98 2156 258 2234 egrediens
278 2173 316 2214 uc
339 2155 386 2234 qui
404 2175 435 2214 sc
451 2157 655 2236 interpellaret
672 2157 803 2216 edixerat
817 2175 851 2216 ac
866 2165 928 2216 toto
943 2157 1046 2216 itinere
1061 2156 1109 2217 ad·

98 2243 195 2302 euntis
213 2239 407 2299 submoverat
1117 2245 1137 2264 '¹

157 2325 354 2402 Regressus
345 2342 373 2383 m
394 2324 530 2401 insulam,
555 2343 598 2384 rer
618 2343 648 2404 p
671 2325 785 2424 quidem
807 2343 903 2384 curam
926 2342 1017 2404 usque
1034 2325 1152 2396 ade041

59 2409 224 2484 asabieoit,
244 2417 275 2468 ut
295 2417 399 2486 postea
420 2425 477 2467 non
499 2407 632 2469 decurias
656 2411 783 2488 equitum
803 2427 936 2508 umquam
952 2409 1108 2487 supplerit,

97 2513 158 2556 non
179 2454 310 2552 triltunos
332 2491 450 2552 militum
465 2493 703 2572 praefectosque,
719 2511 778 2552 nou
792 2493 1009 2572 provinciarum
1024 2510 1108 2571 prae·

98 2578 178 2640 sides
191 2575 269 2636 ullos
285 2578 454 2654 mutaverit,
468 2577 634 2656 Hispaniam
653 2586 682 2636 et
694 2577 806 2652 Syriam
823 2595 879 2656 per
892 2576 1002 2653 aliquot
1017 2593 1109 2636 annos

1 2660 13 2708 ἰ·
97 2665 162 2723 sine
181 2659 382 2721 consularibus
395 2661 501 2739 legatis
516 2660 659 2738 habuerit,
673 2660 839 2722 Armeniam
857 2677 873 2720 a
887 2658 1000 2721 Parthis
1017 2677 1106 2720 occu·

97 2748 172 2827 pari,
184 2744 325 2806 Moesiam
336 2763 352 2806 a
363 2743 450 2806 Dacis
463 2746 669 2825 Sarmatisque,
683 2744 790 2806 Gallias
806 2764 823 2806 a
838 2744 987 2806 Germanis
999 2745 1108 2806 vastari

1 2838 2 2857 ¹
58 2829 280 2908 eoneglexerit:
301 2847 407 2908 magno
431 2829 577 2890 dedecore
598 2830 712 2909 imperii
731 2846 788 2892 uec
803 2831 915 2890 minore
931 2829 1106 2889 discrimine.
1162 2824 1165 2830 ’

1 2983 2 2986 ¹
96 2914 235 2976 Ceterum
262 2916 368 2974 secreti
394 2915 540 2974 licentiam
566 2923 687 2974 nanctus
711 2923 741 2974 et
762 2915 843 2993 quasi
866 2914 990 2974 civitatis
1012 2913 1151 2973 oculistt

1 3011 14 3034 ¹
94 3007 244 3075 remotus,
263 3007 366 3058 cuncta
383 2999 465 3058 simul
482 3000 552 3059 uitia
566 2999 640 3058 male
657 2997 704 3058 diu
721 2998 896 3059 dissimulata
908 2996 1023 3058 tandem
1039 3016 1105 3077 pro·

94 3083 185 3144 fudit:
211 3082 247 3142 de
274 3083 376 3161 quibus
399 3083 566 3160 singillatim
587 3083 624 3144 ab
645 3083 767 3142 exordio
788 3083 922 3144 referam.
950 3082 983 3142 ln
1001 3083 1106 3142 castris

95 3169 153 3227 tiro
181 3169 267 3227 etiam
294 3176 351 3226 tum
376 3175 499 3247 propter
519 3168 632 3228 nimiam
653 3168 712 3226 uini
731 3167 896 3228 aviditatem
912 3184 967 3244 pro
984 3164 1104 3226 'liberio

1 3289 2 3293 =
56 3249 273 3318 asBilterius
281 3250 668 3330 ,proclaudioCaldios
675 3249 1104 3330 ,·proNeronelleroroca

94 3335 189 3395 batur.
208 3334 315 3396 Postea
330 3336 469 3417 princeps
483 3337 512 3395 in
524 3337 589 3415 ipsa
601 3335 783 3414 publicorum
795 3353 905 3396 morum
918 3334 1104 3393 correctione

0 3475 1 3500 ,
96 3437 161 3479 cum
177 3418 339 3499 Pomponio
354 3420 463 3482 Flacco
480 3421 555 3481 etL
571 3417 676 3480 Prsoue
690 3428 808 3480 noctem
824 3420 1045 3496 continuumque
1062 3415 1103 3476 bi

94 3503 181 3564 doum
197 3503 343 3584 epulando
357 3503 542 3584 potandoque
557 3505 743 3585 consumpsit,
759 3521 879 3583 quorum
896 3503 977 3564 alteri
990 3503 1103 3578 Syriam
