2412 3876
224 201 273 249 011
433 237 436 250 ,
563 199 772 249 PRAEFATIO.

225 359 308 424 tariis
325 364 496 416 contractum
511 357 644 417 Historiis
660 363 714 429 o‚7
731 375 792 430 sqq.
806 357 940 428 inseruit,
958 359 1029 414 baec
1045 361 1137 416 verba

225 443 405 518 praeposuit:
427 439 522 498 ‘lianc
543 442 690 500 historiam
706 441 856 499 Suetonius
872 442 1048 514 Tranquillus
1070 445 1121 515 ple

225 527 341 582 nissime
364 525 519 598 explicuit,
543 526 622 583 cuius
647 542 698 582 nos
721 531 912 598 competentes
940 527 1137 598 portiunculas

225 610 446 683 decerpsimus'.
491 609 595 665 Eadem
613 611 699 666 rerba
716 609 816 665 Paulus
833 609 976 666 Diaconos
992 610 1024 665 in
1039 610 1136 667 Histo-

225 694 295 750 riam
310 710 387 750 suam
403 693 557 750 miscellam
575 695 685 766 recepit
703 693 838 764 multique
854 693 1009 766 scriptores
1025 695 1138 750 mediae

227 777 327 835 aetatis
355 778 564 850 repetiverunt,
591 777 681 832 donec
704 795 731 834 a.-
759 781 827 836 1544
850 778 990 834 liebertus
1013 777 1138 849 Stepha-

226 879 277 918 nus
308 863 380 916 banc
409 861 520 916 scilicet
550 855 736 934 ‘Eutropii⁹¹³)
765 861 905 933 epitomen
937 863 1006 918 belli
1034 861 1138 918 Gallici

227 962 264 1002 ex
285 945 412 1001 Suetonii
442 942 596 1016 Tranquilli
620 944 803 1001 monumentis
826 961 896 1016 qnae
917 943 1136 1003 desiderantur'

227 1036 358 1101 separato
381 1027 478 1084 libello
496 1029 610 1098 ederet,
636 1028 905 1101 quam-posteriores
927 1030 1052 1086 nonnulli
1074 1045 1137 1085 cunr

228 1112 406 1168 Caesarianis
433 1111 637 1168 commentariis
668 1113 880 1168 coniunxerunt.
917 1112 1020 1184 *Neque
1045 1113 1137 1168 minus

228 1194 361 1272 Sidonius
376 1194 549 1266 Apollinaris
564 1195 747 1266 epistolarum
762 1201 796 1268 9,
814 1204 863 1268 14,
878 1197 927 1254 ubi
943 1196 1136 1254 difficillimam

227 1294 361 1336 ramesse
375 1279 415 1334 ait
428 1277 491 1332 lulli
500 1277 630 1336 Caesaris
642 1279 740 1336 laudes
758 1281 915 1352 celebrare,
931 1281 1070 1337 cambivii
1084 1297 1136 1336 ro-

227 1361 341 1433 lumina,
357 1361 456 1434 ‘opera
472 1361 625 1432 Suetonii',
636 1363 750 1420 quenci
763 1363 898 1422 Martialis
911 1364 1040 1433 historia,
1056 1364 1137 1421 Balbi

228 1446 386 1519 epbemcris
398 1439 444 1518 ¹⁰⁰)
465 1445 549 1502 lando
568 1447 748 1518 adaequanda
764 1448 836 1518 sint,
863 1449 1001 1505 bellorum
1023 1454 1051 1502 et
1072 1449 1137 1520 ipse

173 1575 177 1582 .
226 1529 393 1602 scriptorem
400 1529 511 1586 videtur
523 1527 685 1586 Suetonium
699 1529 916 1588 existimarisse.
949 1531 1056 1598 Quodsi
1072 1532 1136 1603 quis

228 1607 361 1686 quaerat,'
383 1629 439 1685 quo
455 1614 538 1671 modo
553 1619 607 1670 tam
623 1613 713 1686 turpis
729 1630 810 1670 error
830 1615 900 1671 oriri
917 1615 1059 1688 potnerit,
1079 1617 1137 1670 boc

227 1697 294 1754 mibi
316 1697 437 1754 omnium
451 1697 570 1754 maxime
590 1697 741 1768 probatur,
766 1703 796 1753 ut
816 1698 943 1755 codicum
964 1698 1136 1769 quorundam

184 1787 190 1802 ¹
228 1781 615 1855 caesarianornmprincipio
630 1781 832 1854 praescriptam
850 1781 940 1837 inisse
954 1787 1049 1854 putem
1064 1781 1136 1838 Sue-

92 2441 120 2482 de
132 2438 193 2483 Viris

78 2491 210 2534 illustribus.

226 1865 298 1922 tonii
313 1865 359 1922 vel
374 1865 513 1936 integrum
527 1864 626 1920 Dirum
639 1865 738 1920 lulium
753 1866 799 1921 vel
816 1883 877 1922 eum
893 1867 985 1922 locum
999 1865 1047 1936 qui
1061 1865 1136 1922 inira

227 1967 255 2022 p.
270 1953 323 2015 24,
343 1954 377 2006 21
399 1950 433 2005 de
454 1947 660 2004 commentariis
681 1948 780 2004 Gallici
802 1949 951 2020 civilisque
971 1948 1041 2005 belli
1056 1948 1135 2004 Pom·

226 2033 321 2106 peiani
344 2031 458 2102 legitur.
502 2032 543 2085 lta
566 2031 626 2088 lieri
645 2032 751 2103 potuit,
780 2039 810 2087 ut
828 2032 957 2088 Suetonii
984 2032 1135 2089 nomenin

226 2115 368 2188 principio
389 2114 599 2185 grandibusque
621 2114 725 2170 litteris
748 2117 881 2188 scriptum
901 2132 954 2189 pro
975 2117 1057 2172 titulo
1072 2117 1136 2171 uni-

228 2199 305 2254 versi
320 2197 449 2268 eorporis
463 2198 624 2255 baberetur.
651 2197 780 2254 Ceterum
791 2201 837 2256 vel
853 2206 918 2272 post
933 2207 1045 2256 renatas
1058 2200 1135 2256 litte-

227 2296 275 2338 ras
292 2281 383 2336 eidem
397 2280 489 2336 errori
507 2281 694 2338 obstrinxisse
711 2299 742 2338 se
758 2283 926 2340 lodovinum
941 2283 1038 2340 nescio
1053 2300 1135 2355 quem

230 2363 386 2421 Gaduccum
408 2365 542 2435 cognovi.

292 2447 368 2505 Satis
389 2453 471 2504 notus
495 2455 539 2505 est
561 2449 674 2505 libellus
703 2451 744 2506 de
768 2451 867 2507 Viris
900 2451 1134 2521 illustribus,

229 2533 276 2604 qui
297 2531 383 2589 bodie
397 2531 531 2588 Andreae
549 2532 657 2589 Scbctti
680 2535 848 2591 auctoritate
869 2541 898 2589 et
919 2534 1048 2607 exemplo
1072 2551 1134 2590 cum

227 2616 346 2672 Aurelio
362 2616 478 2672 Victore
502 2609 547 2672 edi
568 2618 657 2682 solet;
681 2633 733 2673 nec
749 2619 817 2674 latet
832 2624 961 2690 qnantum
981 2619 1007 2674 is
1024 2618 1135 2689 negotii
1199 2641 1201 2645 ·

227 2699 320 2757 doctis
341 2699 671 2780 bominibus-creaverit.
717 2700 823 2774 scripti
850 2701 922 2758 enim
946 2702 1012 2759 libri
1039 2717 1133 2758 omnes

228 2783 345 2839 Plinium
361 2787 504 2840 auctorem
521 2784 725 2854 demonstrant,
751 2785 825 2841 bunc
845 2786 906 2842 iere
926 2785 1035 2842 titulum
1051 2801 1133 2857 prae-

228 2867 367 2923 ferentes:
391 2865 454 2922 desi
468 2866 552 2924 Plinii
569 2869 690 2926 Secundi
702 2871 822 2926 oratoria
840 2869 1005 2926 Veronensis
1020 2870 1054 2925 de
1068 2871 1135 2924 ciris

226 2949 375 3008 dioecetes
389 2949 456 3006 liber
473 2950 535 3008 sive
550 2951 662 3008 libellos.
703 2953 805 3010 Verum
821 2954 924 3025 exigua
940 2960 984 3010 est
998 2953 1134 3008 librorum

227 3033 397 3106 auctoritas,
419 3051 479 3090 eum
502 3036 541 3092 ita
562 3043 691 3093 recentes
717 3052 812 3094 omnes
834 3036 891 3094 sint
910 3043 940 3092 ut
959 3053 994 3092 ne
1021 3037 1055 3094 ad
1069 3035 1133 3094 Xlll

230 3151 427 3165 ...ιιι-αι-

189 3228 195 3242 ,
295 3200 340 3265 99)
360 3199 477 3265 Eutropii
491 3199 559 3248 enim
578 3201 742 3251 nomine-illo
762 3209 874 3268 tempore
895 3201 1008 3252 Miscelle
1027 3200 1133 3252 historia

225 3271 300 3323 rand
317 3267 549 3322 circumferebatur.

297 3339 359 3404 loo)
387 3335 458 3389 Balbi
486 3335 672 3402 ephemeridem
694 3337 798 3389 Carolus
820 3337 967 3405 Nipperdey
989 3354 1015 3404 p.
1041 3337 1075 3390 36
1099 3336 1131 3388 de

227 3417 315 3459 octavo
333 3409 392 3458 belli
410 3407 495 3457 Gallici
518 3405 579 3456 libro
600 3406 733 3473 intelligit,
759 3407 802 3472 qui
819 3408 882 3457 liber
900 3407 933 3457 ad
947 3408 1053 3458 Balbum
1071 3407 1132 3458 mis-

226 3491 272 3528 sus
291 3485 336 3526 est.

583 3631 590 3665 l
