2444 3872
111 196 151 256 78
196 207 535 268 c.sunn0n1nnuno
552 210 599 256 nn
615 209 697 257 vrrs
717 193 901 261 cassanum
919 209 988 257 ura.
1003 209 1040 258 ιι.

110 365 182 424 ioris
208 363 389 442 tempestatis
414 365 609 443 suspicionem
635 363 674 422 in
684 362 810 424 abditum
831 375 860 424 et
883 373 1116 425 concamaratum

111 449 207 508 locum
233 465 266 506 se
287 448 452 553 reciperet,
475 455 676 509 consternatus
689 427 768 507 clins
790 465 845 526 per
864 455 1034 508 nocturnum
1059 451 1117 510 iter

28 532 61 612 ιι
111 545 279 594 transcursu
294 531 435 609 fulguris,
451 541 481 592 ιιι
497 531 700 610 praediximus.

14 631 29 688 ι
67 635 100 690 91
177 615 293 678 Somnia
313 632 410 693 neque
433 633 484 677 sua
502 632 598 694 neque
619 615 712 676 aliena
729 615 765 676 de
781 633 813 675 se
831 616 1019 694 neglegebat
1052 617 1117 678 Plri-

110 700 237 782 lippensi
258 701 321 760 acie
338 701 468 778 quamvis
485 701 633 762 statuisset
649 717 707 761 uon
723 699 825 777 egredi
841 699 1029 762 tabernaculo
1049 716 1144 780 pro-s

110 795 188 886 pter
191 783 392 861 valitudinem,
417 802 558 862 egressus
574 791 727 844 esttamen
744 783 828 844 amici
847 785 959 845 somnio
975 787 1116 852 monitus:

110 870 259 948 cessitque
281 885 330 928 res
352 885 514 948 prospere,
539 866 654 947 quaudo
675 869 769 946 captis
790 870 893 928 castris
911 867 1019 930 lectica
1042 871 1117 946 eins,

110 955 193 1037 quasi
216 953 254 1013 ibi
270 951 380 1012 cubans
394 954 595 1028 remansisset,
618 969 762 1014 concursu
777 951 901 1012 hostium
918 953 1057 1014 confossa
1075 962 1117 1014 at·

83 1047 89 1098 ’,
110 1058 167 1120 qne
182 1037 314 1098 lacerata
327 1045 380 1096 est.
403 1037 472 1116 lpse
488 1055 541 1116 per
554 1053 639 1096 omne
654 1054 709 1096 ver
723 1035 843 1114 plurima
861 1045 890 1096 et
903 1036 1116 1098 formidulosis·

82 1117 85 1149 J
109 1127 180 1184 sima
206 1131 234 1181 et
258 1137 331 1180 vana
359 1129 389 1180 et
413 1121 491 1181 irrita
511 1120 642 1197 videbat,
663 1120 777 1198 reliquo
798 1129 932 1200 tempore
952 1123 1063 1182 rariora
1086 1129 1158 1180 etro

108 1209 200 1268 minus
212 1222 296 1264 vana.
329 1201 400 1263 ilum
416 1204 600 1266 dedicatam
591 1223 619 1264 ιιι
636 1203 782 1284 Capitolio
799 1203 902 1264 aedem
918 1204 1041 1266 Tonanti
1051 1204 1117 1265 lovi

109 1290 224 1352 assidue
249 1289 462 1366 frequentaret,
491 1289 660 1364 somniavit,
687 1291 769 1366 queri
796 1287 990 1367 Capitolinum
1014 1289 1117 1350 lovem

111 1375 239 1435 cultores
255 1371 310 1432 sibi
327 1371 447 1448 abduci,
465 1389 557 1450 seque
571 1371 781 1450 respondisse,
799 1371 959 1434 Tonantem
975 1391 1029 1453 pro
1044 1373 1115 1433 iani·

108 1470 173 1520 tore
188 1457 219 1516 ei
234 1457 413 1537 appositum
435 1456 562 1535 ideoque
577 1473 647 1516 mox
662 1455 858 1516 tintinnabulis
872 1456 1018 1534 fastigium
1033 1456 1116 1518 aedis

76 1535 78 1544 '
108 1542 246 1618 redimiit,
263 1540 340 1620 quod
359 1557 395 1600 ea
410 1540 580 1601 laterannis
595 1539 807 1619 dependebant.
830 1539 878 1601 Ex
892 1550 1034 1602 nocturno
1050 1543 1116 1602 risu
1127 1559 1156 1601 rs

109 1629 193 1689 etiam
209 1627 313 1716 stipem
329 1633 399 1706 quot
414 1626 494 1686 annis
508 1624 555 1685 die
572 1634 652 1685 certo
670 1624 871 1686 emendrcabat
885 1643 901 1686 a
918 1625 1044 1704 populo,
1068 1645 1116 1686 ca-

110 1729 172 1773 vam
188 1702 303 1770 manum‘
317 1725 402 1770 asses
421 1709 639 1808 porrigentibus
654 1708 811 1788 praebens.

66 1809 100 1864 99
169 1795 310 1873 Auspicia
332 1803 362 1853 et
379 1793 475 1852 omina
487 1792 632 1872 quaedam
655 1809 710 1871 pro
734 1793 904 1854 certissimis
919 1792 1115 1868 observabat:

109 1883 133 1941 si
155 1896 239 1939 mane
258 1877 313 1937 sibi
339 1877 456 1938 calceus
476 1895 630 1957 perperam
648 1895 683 1936 ac
701 1879 816 1937 sinister
837 1896 893 1958 pro
911 1877 1015 1938 dextro
1034 1877 1116 1937 indu

56 1976 67 1982 ’
109 1972 240 2038 ceretur,
255 1971 286 2021 ut
301 1961 448 2031 dirnm;'
424 1979 449 2020 ιι
463 1970 540 2021 terra
554 1961 665 2022 marive
679 1962 860 2039 ingrediente
879 1980 911 2021 se
927 1961 1115 2040 longinquam
1125 1981 1156 2023 ao

109 2047 324 2128 protectionem
337 2045 415 2104 torte
430 2053 576 2120 uocasset,
592 2054 623 2105 nt
636 2045 742 2106 laetum
755 2047 915 2125 maturique
930 2055 961 2106 et
976 2049 1115 2124 prosperi

20 2203 25 2212 Ι
107 2131 226 2193 reditus.
260 2129 318 2190 Sed
335 2138 365 2189 et
380 2131 501 2190 ostentis
517 2129 675 2208 praecipue
690 2129 868 2191 movebatur.
902 2130 1024 2192 Enniam
1038 2131 1115 2190 inter

107 2219 253 2276 iuncturas
274 2213 401 2292 lapidum
420 2223 486 2274 ante
504 2213 617 2274 domum
633 2233 712 2274 suam
730 2213 852 2294 palmam
870 2216 900 2274 in
918 2214 1115 2293 compluvium

108 2299 227 2360 deorum
243 2298 392 2359 Penatium
412 2297 568 2375 transtulit,
591 2306 679 2378 utque
698 2297 882 2360 coalesceret
896 2315 1002 2377 magno
1020 2315 1114 2378 opere

109 2385 228 2444 curavit.
264 2382 351 2462 Apud
371 2382 494 2442 insulam
517 2379 647 2462 Capreas
668 2385 842 2442 veterrimae
866 2383 942 2443 ilicis
967 2382 1154 2443 demissosas

107 2471 162 2528 iam
179 2466 215 2528 ad
235 2476 342 2528 terram
357 2468 579 2546 languentisque
593 2483 689 2527 ramos
707 2465 891 2528 convaluisse
906 2466 1030 2527 adventu
1046 2483 1113 2543 suo,

107 2551 182 2612 adeo
197 2550 321 2613 laetatus
338 2562 393 2630 est,
409 2560 439 2612 ut
455 2569 505 2612 eas
522 2569 585 2612 cum
600 2570 633 2610 re
650 2569 679 2630 p.
694 2549 953 2629 Neapolitanorum
966 2559 1112 2631 permuta·

107 2635 190 2711 verit,
209 2635 335 2698 Aenaria
350 2637 425 2697 data.
455 2634 640 2696 Observabat
656 2643 685 2696 et
699 2634 761 2694 dies
776 2633 925 2712 quosdam,
941 2653 977 2695 ne
995 2643 1045 2694 aut
1059 2652 1112 2714 po·

108 2679 207 2779 stridic
219 2719 359 2780 nundinas
374 2737 519 2800 quoquam
531 2719 778 2820 proficisceretur,
796 2727 843 2778 aut
853 2718 946 2779 Nonis
958 2719 1113 2799 quicquam

107 2804 151 2862 rei
171 2804 266 2864 seriae
287 2786 454 2873 inchoaret;
478 2801 585 2865 nibil
566 2821 595 2863 m
612 2803 671 2864 boc
686 2802 799 2882 quidem
816 2801 893 2864 aliud
908 2801 1054 2880 devitans,
1081 2810 1155 2869 uteo

53 2924 62 2956 r
108 2887 143 2946 ad
159 2885 305 2948 liberium
322 2888 436 2966 scribit,
453 2906 538 2968 quam
553 2885 748 2968 δυσφημίαν
762 2888 893 2948 nominis

65 2985 100 3040 93
171 2970 394 3049 Peregrinarum
409 2974 647 3034 caerimoniarum
663 2973 738 3033 sicut
752 2980 870 3032 veteres
888 2990 923 3034 ac
936 2980 1115 3050 praeceptas

107 3057 344 3118 reverentissime
364 3057 470 3134 coluit,
493 3057 532 3116 ita
555 3066 669 3116 ceteras
691 3055 996 3134 contemptuigbabuit.
1026 3053 1113 3116 llam·

108 3157 163 3219 que
187 3137 311 3202 Athenis
329 3143 476 3218 initiatus,
504 3159 568 3202 cunr
591 3149 695 3221 postea
714 3141 825 3202 Romae
850 3158 905 3220 pro
926 3137 1060 3208 tribunali
1076 3137 1115 3200 de

68 3277 70 3282 ,
108 3224 266 3302 privilegio
289 3225 471 3287 sacerdotnm
486 3224 601 3286 Atticae
617 3222 734 3286 Cereris
753 3233 952 3302 cognosceret
974 3231 1003 3284 et
1022 3240 1113 3303 quae·
1122 3243 1154 3286 aa

108 3305 170 3367 dam
199 3313 359 3372 secretiora
386 3317 636 3388 proponerentur,
662 3308 779 3369 dimisso
807 3308 929 3370 consilio
950 3317 980 3368 et
1002 3325 1114 3368 corona

108 3384 468 3456 circumstununndtsolus
489 3392 579 3453 audiit
605 3393 812 3473 disceptantes
859 3395 897 3455 At
926 3400 1027 3454 contra
1053 3408 1114 3451 non

107 3474 193 3537 modo
213 3477 242 3537 tn
265 3477 447 3557 peragranda
464 3476 603 3558 Aegypto
626 3477 715 3557 paulo
736 3477 895 3538 deflectere
911 3476 947 3538 ad
960 3474 1114 3537 visandins
