<?xml version="1.0" encoding="UTF-8"?>
<!DOCTYPE html PUBLIC "-//W3C//DTD XHTML 1.0 Transitional//EN"
    "http://www.w3.org/TR/xhtml1/DTD/xhtml1-transitional.dtd">
<html xmlns="http://www.w3.org/1999/xhtml" xml:lang="en" lang="en">
 <head>
  <title>
</title>
<meta http-equiv="Content-Type" content="text/html;charset=utf-8" />
  <meta name='ocr-system' content='tesseract 3.04.00' />
  <meta name='ocr-capabilities' content='ocr_page ocr_carea ocr_par ocr_line ocrx_word'/>
</head>
<body>
  <div class='ocr_page' id='page_1' title='image "./csuetonitranqui00rothgoog_0121.png"; bbox 0 0 2412 3876; ppageno 0'>
   <div class='ocr_carea' id='block_1_1' title="bbox 478 236 1101 298">
    <p class='ocr_par' dir='ltr' id='par_1_1' title="bbox 478 236 1101 298">
     <span class='ocr_line' id='line_1_1' title="bbox 478 236 1101 298; baseline 0 -2"><span class='ocrx_word' id='word_1_1' title='bbox 478 249 581 297; x_wconf 79' lang='lat' dir='ltr'>arvus</span> <span class='ocrx_word' id='word_1_2' title='bbox 600 249 725 298; x_wconf 78' lang='lat' dir='ltr'>tunsos.</span> <span class='ocrx_word' id='word_1_3' title='bbox 1065 236 1101 296; x_wconf 87' lang='lat'>11</span> 
     </span>
    </p>
   </div>
   <div class='ocr_carea' id='block_1_2' title="bbox 1 403 1182 3509">
    <p class='ocr_par' dir='ltr' id='par_1_2' title="bbox 95 403 1102 484">
     <span class='ocr_line' id='line_1_2' title="bbox 95 403 1102 484; baseline 0.002 -20"><span class='ocrx_word' id='word_1_4' title='bbox 95 405 149 464; x_wconf 91' lang='lat' dir='ltr'>ulli</span> <span class='ocrx_word' id='word_1_5' title='bbox 169 405 293 479; x_wconf 74' lang='lat' dir='ltr'>feminae</span> <span class='ocrx_word' id='word_1_6' title='bbox 308 403 372 464; x_wconf 83' lang='lat' dir='ltr'>fore</span> <span class='ocrx_word' id='word_1_7' title='bbox 378 403 597 481; x_wconf 88' lang='lat' dir='ltr'>,responderet</span> <span class='ocrx_word' id='word_1_8' title='bbox 610 421 692 484; x_wconf 86' lang='lat' dir='ltr'>quaer</span> <span class='ocrx_word' id='word_1_9' title='bbox 685 403 894 482; x_wconf 86' lang='lat' dir='ltr'>adludens,&#39;</span> <span class='ocrx_word' id='word_1_10' title='bbox 876 423 909 466; x_wconf 85' lang='lat' dir='ltr'>tn</span> <span class='ocrx_word' id='word_1_11' title='bbox 920 404 1016 484; x_wconf 75' lang='lat' dir='ltr'>Syrio</span> <span class='ocrx_word' id='word_1_12' title='bbox 1028 421 1102 484; x_wconf 79' lang='lat' dir='ltr'>quo·</span> 
     </span>
    </p>

    <p class='ocr_par' dir='ltr' id='par_1_3' title="bbox 96 486 1102 600">
     <span class='ocr_line' id='line_1_3' title="bbox 96 486 1102 600; baseline 0 -52"><span class='ocrx_word' id='word_1_13' title='bbox 96 508 156 568; x_wconf 80' lang='lat' dir='ltr'>que</span> <span class='ocrx_word' id='word_1_14' title='bbox 171 495 320 568; x_wconf 74' lang='lat' dir='ltr'>repauses</span> <span class='ocrx_word' id='word_1_15' title='bbox 330 486 516 547; x_wconf 82' lang='lat' dir='ltr'>Semiramio</span> <span class='ocrx_word' id='word_1_16' title='bbox 523 506 751 568; x_wconf 70' lang='lat' dir='ltr'>,magnumque</span> <span class='ocrx_word' id='word_1_17' title='bbox 765 486 863 550; x_wconf 79' lang='lat' dir='ltr'>Asiae</span> <span class='ocrx_word' id='word_1_18' title='bbox 874 496 997 600; x_wconf 78' lang='lat' dir='ltr'>portem</span> <span class='ocrx_word' id='word_1_19' title='bbox 1007 486 1102 548; x_wconf 83' lang='lat' dir='ltr'>Ama·</span> 
     </span>
    </p>

    <p class='ocr_par' dir='ltr' id='par_1_4' title="bbox 1 571 528 651">
     <span class='ocr_line' id='line_1_4' title="bbox 1 571 528 651; baseline -0.002 -19"><span class='ocrx_word' id='word_1_20' title='bbox 1 639 3 650; x_wconf 44' lang='lat'>,</span> <span class='ocrx_word' id='word_1_21' title='bbox 96 590 196 634; x_wconf 74' lang='lat' dir='ltr'>nonas</span> <span class='ocrx_word' id='word_1_22' title='bbox 214 573 346 632; x_wconf 79' lang='lat' dir='ltr'>tenuisse</span> <span class='ocrx_word' id='word_1_23' title='bbox 363 571 528 651; x_wconf 59' lang='lat' dir='ltr'>mondum.</span> 
     </span>
    </p>

    <p class='ocr_par' dir='ltr' id='par_1_5' title="bbox 162 655 1147 738">
     <span class='ocr_line' id='line_1_5' title="bbox 162 655 1147 738; baseline 0.005 -22"><span class='ocrx_word' id='word_1_24' title='bbox 162 657 289 716; x_wconf 75' lang='lat' dir='ltr'>llunotus</span> <span class='ocrx_word' id='word_1_25' title='bbox 306 655 465 733; x_wconf 78' lang='lat' dir='ltr'>consulatu,</span> <span class='ocrx_word' id='word_1_26' title='bbox 482 657 552 716; x_wconf 85' lang='lat' dir='ltr'>Gaio</span> <span class='ocrx_word' id='word_1_27' title='bbox 568 657 702 718; x_wconf 85' lang='lat' dir='ltr'>llcmmio</span> <span class='ocrx_word' id='word_1_28' title='bbox 716 657 864 738; x_wconf 81' lang='lat' dir='ltr'>Lucioque</span> <span class='ocrx_word' id='word_1_29' title='bbox 878 657 1004 718; x_wconf 86' lang='lat' dir='ltr'>Domitio</span> <span class='ocrx_word' id='word_1_30' title='bbox 1020 673 1103 735; x_wconf 89' lang='lat' dir='ltr'>prae·</span> <span class='ocrx_word' id='word_1_31' title='bbox 1092 665 1147 721; x_wconf 81' lang='lat' dir='ltr'>-te</span> 
     </span>
    </p>

    <p class='ocr_par' dir='ltr' id='par_1_6' title="bbox 1 740 1103 821">
     <span class='ocr_line' id='line_1_6' title="bbox 1 740 1103 821; baseline 0.002 -24"><span class='ocrx_word' id='word_1_32' title='bbox 1 804 28 821; x_wconf 18' lang='grc' dir='ltr'>ἶ.</span> <span class='ocrx_word' id='word_1_33' title='bbox 74 741 211 802; x_wconf 85' lang='lat' dir='ltr'>storibus</span> <span class='ocrx_word' id='word_1_34' title='bbox 235 740 271 800; x_wconf 91' lang='lat' dir='ltr'>de</span> <span class='ocrx_word' id='word_1_35' title='bbox 298 741 458 819; x_wconf 90' lang='lat' dir='ltr'>superioris</span> <span class='ocrx_word' id='word_1_36' title='bbox 482 742 547 800; x_wconf 90' lang='lat' dir='ltr'>anni</span> <span class='ocrx_word' id='word_1_37' title='bbox 572 743 644 800; x_wconf 86' lang='lat' dir='ltr'>actis</span> <span class='ocrx_word' id='word_1_38' title='bbox 672 743 883 820; x_wconf 74' lang='lat' dir='ltr'><strong>referentibus,</strong></span> <span class='ocrx_word' id='word_1_39' title='bbox 908 743 1103 820; x_wconf 73' lang='lat' dir='ltr'><strong>cognitionem</strong></span> 
     </span>
    </p>

    <p class='ocr_par' dir='ltr' id='par_1_7' title="bbox 1 823 1104 1158">
     <span class='ocr_line' id='line_1_7' title="bbox 1 823 1103 906; baseline -0.004 -20"><span class='ocrx_word' id='word_1_40' title='bbox 1 838 3 902; x_wconf 71' lang='grc' dir='ltr'><strong><em>ξ</em></strong></span> <span class='ocrx_word' id='word_1_41' title='bbox 97 826 212 886; x_wconf 89' lang='lat' dir='ltr'>senatui</span> <span class='ocrx_word' id='word_1_42' title='bbox 241 823 361 893; x_wconf 89' lang='lat' dir='ltr'>detulit;</span> <span class='ocrx_word' id='word_1_43' title='bbox 388 843 445 884; x_wconf 90' lang='lat' dir='ltr'>nec</span> <span class='ocrx_word' id='word_1_44' title='bbox 470 824 521 884; x_wconf 94' lang='lat' dir='ltr'>illo</span> <span class='ocrx_word' id='word_1_45' title='bbox 551 826 746 904; x_wconf 77' lang='lat' dir='ltr'>suscipiente,</span> <span class='ocrx_word' id='word_1_46' title='bbox 775 827 928 906; x_wconf 81' lang='lat' dir='ltr'>triduoque</span> <span class='ocrx_word' id='word_1_47' title='bbox 959 843 1014 904; x_wconf 91' lang='lat' dir='ltr'>per</span> <span class='ocrx_word' id='word_1_48' title='bbox 1038 825 1103 884; x_wconf 91' lang='lat' dir='ltr'>iuri-</span> 
     </span>
     <span class='ocr_line' id='line_1_8' title="bbox 96 908 1104 989; baseline -0.004 -19"><span class='ocrx_word' id='word_1_49' title='bbox 96 920 142 970; x_wconf 91' lang='lat' dir='ltr'>tas</span> <span class='ocrx_word' id='word_1_50' title='bbox 165 909 372 970; x_wconf 87' lang='lat' dir='ltr'>altereationes</span> <span class='ocrx_word' id='word_1_51' title='bbox 400 908 569 987; x_wconf 58' lang='lat' dir='ltr'>absumpto}</span> <span class='ocrx_word' id='word_1_52' title='bbox 591 911 619 968; x_wconf 92' lang='lat' dir='ltr'>in</span> <span class='ocrx_word' id='word_1_53' title='bbox 647 911 826 989; x_wconf 87' lang='lat' dir='ltr'>provinciam</span> <span class='ocrx_word' id='word_1_54' title='bbox 852 910 935 980; x_wconf 90' lang='lat' dir='ltr'>abiit;</span> <span class='ocrx_word' id='word_1_55' title='bbox 960 919 988 969; x_wconf 89' lang='lat' dir='ltr'>et</span> <span class='ocrx_word' id='word_1_56' title='bbox 1011 908 1104 970; x_wconf 90' lang='lat' dir='ltr'>statim</span> 
     </span>
     <span class='ocr_line' id='line_1_9' title="bbox 98 991 1104 1074; baseline -0.004 -20"><span class='ocrx_word' id='word_1_57' title='bbox 98 1001 239 1073; x_wconf 75' lang='lat' dir='ltr'>quaestor</span> <span class='ocrx_word' id='word_1_58' title='bbox 267 994 329 1052; x_wconf 91' lang='lat' dir='ltr'>eius</span> <span class='ocrx_word' id='word_1_59' title='bbox 354 994 384 1051; x_wconf 95' lang='lat' dir='ltr'>in</span> <span class='ocrx_word' id='word_1_60' title='bbox 410 991 615 1071; x_wconf 84' lang='lat' dir='ltr'>praeiudicium</span> <span class='ocrx_word' id='word_1_61' title='bbox 640 993 752 1074; x_wconf 86' lang='lat' dir='ltr'>aliquot</span> <span class='ocrx_word' id='word_1_62' title='bbox 778 994 943 1055; x_wconf 83' lang='lat' dir='ltr'>criminibus</span> <span class='ocrx_word' id='word_1_63' title='bbox 971 1001 1104 1070; x_wconf 89' lang='lat' dir='ltr'>arreptus</span> 
     </span>
     <span class='ocr_line' id='line_1_10' title="bbox 98 1076 1104 1158; baseline -0.002 -20"><span class='ocrx_word' id='word_1_64' title='bbox 98 1087 153 1139; x_wconf 91' lang='lat' dir='ltr'>est.</span> <span class='ocrx_word' id='word_1_65' title='bbox 198 1077 269 1138; x_wconf 70' lang='lat' dir='ltr'>llos</span> <span class='ocrx_word' id='word_1_66' title='bbox 290 1084 319 1136; x_wconf 90' lang='lat' dir='ltr'>et</span> <span class='ocrx_word' id='word_1_67' title='bbox 341 1077 406 1155; x_wconf 92' lang='lat' dir='ltr'>ipse</span> <span class='ocrx_word' id='word_1_68' title='bbox 424 1095 440 1137; x_wconf 88' lang='lat' dir='ltr'>a</span> <span class='ocrx_word' id='word_1_69' title='bbox 457 1076 545 1136; x_wconf 87' lang='lat' dir='ltr'>Lucio</span> <span class='ocrx_word' id='word_1_70' title='bbox 563 1077 688 1150; x_wconf 82' lang='lat' dir='ltr'>Antistio</span> <span class='ocrx_word' id='word_1_71' title='bbox 707 1078 766 1139; x_wconf 74' lang='lat' dir='ltr'>tlt.</span> <span class='ocrx_word' id='word_1_72' title='bbox 783 1078 837 1138; x_wconf 89' lang='lat' dir='ltr'>Ph.</span> <span class='ocrx_word' id='word_1_73' title='bbox 855 1077 1031 1158; x_wconf 90' lang='lat' dir='ltr'>postulatus,</span> <span class='ocrx_word' id='word_1_74' title='bbox 1054 1093 1104 1154; x_wconf 90' lang='lat' dir='ltr'>ap-</span> 
     </span>
    </p>

    <p class='ocr_par' dir='ltr' id='par_1_8' title="bbox 65 1159 1105 1578">
     <span class='ocr_line' id='line_1_11' title="bbox 65 1159 1105 1242; baseline -0.002 -22"><span class='ocrx_word' id='word_1_75' title='bbox 65 1162 210 1242; x_wconf 83' lang='lat' dir='ltr'>ropellato</span> <span class='ocrx_word' id='word_1_76' title='bbox 238 1161 350 1221; x_wconf 88' lang='lat' dir='ltr'>demum</span> <span class='ocrx_word' id='word_1_77' title='bbox 380 1160 509 1238; x_wconf 86' lang='lat' dir='ltr'>collegio</span> <span class='ocrx_word' id='word_1_78' title='bbox 536 1163 672 1240; x_wconf 87' lang='lat' dir='ltr'>optinuit,</span> <span class='ocrx_word' id='word_1_79' title='bbox 702 1181 766 1222; x_wconf 91' lang='lat' dir='ltr'>oum</span> <span class='ocrx_word' id='word_1_80' title='bbox 792 1162 835 1222; x_wconf 92' lang='lat' dir='ltr'>rei</span> <span class='ocrx_word' id='word_1_81' title='bbox 860 1159 994 1242; x_wconf 87' lang='lat' dir='ltr'>publicae</span> <span class='ocrx_word' id='word_1_82' title='bbox 1017 1175 1105 1220; x_wconf 87' lang='lat' dir='ltr'>eausa</span> 
     </span>
     <span class='ocr_line' id='line_1_12' title="bbox 97 1244 1104 1326; baseline -0.004 -20"><span class='ocrx_word' id='word_1_83' title='bbox 97 1246 218 1307; x_wconf 87' lang='lat' dir='ltr'>abesset</span> <span class='ocrx_word' id='word_1_84' title='bbox 234 1263 302 1305; x_wconf 90' lang='lat' dir='ltr'>reus</span> <span class='ocrx_word' id='word_1_85' title='bbox 317 1263 354 1304; x_wconf 90' lang='lat' dir='ltr'>ne</span> <span class='ocrx_word' id='word_1_86' title='bbox 375 1245 467 1305; x_wconf 86' lang='lat' dir='ltr'>fleret.</span> <span class='ocrx_word' id='word_1_87' title='bbox 511 1244 557 1304; x_wconf 81' lang='lat' dir='ltr'>Ad</span> <span class='ocrx_word' id='word_1_88' title='bbox 573 1248 756 1306; x_wconf 78' lang='lat' dir='ltr'>securitatem</span> <span class='ocrx_word' id='word_1_89' title='bbox 773 1261 846 1324; x_wconf 90' lang='lat' dir='ltr'>erge</span> <span class='ocrx_word' id='word_1_90' title='bbox 864 1247 976 1326; x_wconf 81' lang='lat' dir='ltr'>posteri</span> <span class='ocrx_word' id='word_1_91' title='bbox 992 1254 1104 1322; x_wconf 90' lang='lat' dir='ltr'>tempo·</span> 
     </span>
     <span class='ocr_line' id='line_1_13' title="bbox 97 1328 1104 1410; baseline -0.005 -20"><span class='ocrx_word' id='word_1_92' title='bbox 97 1333 139 1390; x_wconf 91' lang='lat' dir='ltr'>ris</span> <span class='ocrx_word' id='word_1_93' title='bbox 161 1333 189 1389; x_wconf 92' lang='lat' dir='ltr'>in</span> <span class='ocrx_word' id='word_1_94' title='bbox 210 1346 316 1406; x_wconf 88' lang='lat' dir='ltr'>magno</span> <span class='ocrx_word' id='word_1_95' title='bbox 338 1330 458 1406; x_wconf 89' lang='lat' dir='ltr'>negotio</span> <span class='ocrx_word' id='word_1_96' title='bbox 479 1328 577 1389; x_wconf 87' lang='lat' dir='ltr'>habuit</span> <span class='ocrx_word' id='word_1_97' title='bbox 593 1330 725 1410; x_wconf 84' lang='lat' dir='ltr'>obligare</span> <span class='ocrx_word' id='word_1_98' title='bbox 748 1348 866 1409; x_wconf 86' lang='lat' dir='ltr'>semper</span> <span class='ocrx_word' id='word_1_99' title='bbox 886 1347 997 1391; x_wconf 89' lang='lat' dir='ltr'>annuos</span> <span class='ocrx_word' id='word_1_100' title='bbox 1013 1328 1104 1405; x_wconf 84' lang='lat' dir='ltr'>magi-</span> 
     </span>
     <span class='ocr_line' id='line_1_14' title="bbox 98 1412 1104 1491; baseline -0.003 -17"><span class='ocrx_word' id='word_1_101' title='bbox 98 1422 222 1490; x_wconf 87' lang='lat' dir='ltr'>stratus,</span> <span class='ocrx_word' id='word_1_102' title='bbox 246 1421 275 1472; x_wconf 92' lang='lat' dir='ltr'>et</span> <span class='ocrx_word' id='word_1_103' title='bbox 296 1431 312 1472; x_wconf 91' lang='lat' dir='ltr'>e</span> <span class='ocrx_word' id='word_1_104' title='bbox 335 1412 506 1491; x_wconf 91' lang='lat' dir='ltr'>petitoribus</span> <span class='ocrx_word' id='word_1_105' title='bbox 521 1431 579 1473; x_wconf 92' lang='lat' dir='ltr'>nou</span> <span class='ocrx_word' id='word_1_106' title='bbox 601 1415 675 1474; x_wconf 91' lang='lat' dir='ltr'>alios</span> <span class='ocrx_word' id='word_1_107' title='bbox 690 1414 828 1476; x_wconf 88' lang='lat' dir='ltr'>adiuvare</span> <span class='ocrx_word' id='word_1_108' title='bbox 846 1424 893 1474; x_wconf 90' lang='lat' dir='ltr'>aut</span> <span class='ocrx_word' id='word_1_109' title='bbox 913 1414 948 1476; x_wconf 89' lang='lat' dir='ltr'>ad</span> <span class='ocrx_word' id='word_1_110' title='bbox 963 1413 1104 1474; x_wconf 91' lang='lat' dir='ltr'>honorem</span> 
     </span>
     <span class='ocr_line' id='line_1_15' title="bbox 99 1495 1104 1595; baseline -0.003 -37"><span class='ocrx_word' id='word_1_111' title='bbox 99 1499 161 1578; x_wconf 85' lang='lat' dir='ltr'>pati</span> <span class='ocrx_word' id='word_1_112' title='bbox 178 1498 350 1576; x_wconf 84' lang='lat' dir='ltr'>pervenire,</span> <span class='ocrx_word' id='word_1_113' title='bbox 367 1515 453 1595; x_wconf 84' lang='lat' dir='ltr'>quam</span> <span class='ocrx_word' id='word_1_114' title='bbox 469 1515 518 1577; x_wconf 88' lang='lat' dir='ltr'>qur</span> <span class='ocrx_word' id='word_1_115' title='bbox 511 1497 587 1557; x_wconf 91' lang='lat' dir='ltr'>sibi</span> <span class='ocrx_word' id='word_1_116' title='bbox 601 1502 785 1578; x_wconf 83' lang='lat' dir='ltr'>recepissent</span> <span class='ocrx_word' id='word_1_117' title='bbox 803 1507 1039 1578; x_wconf 78' lang='lat' dir='ltr'>propugnaturos</span> <span class='ocrx_word' id='word_1_118' title='bbox 1055 1495 1104 1556; x_wconf 89' lang='lat' dir='ltr'>ab·</span> 
     </span>
    </p>

    <p class='ocr_par' dir='ltr' id='par_1_9' title="bbox 64 1576 1148 1830">
     <span class='ocr_line' id='line_1_16' title="bbox 64 1576 1104 1670; baseline -0.008 -24"><span class='ocrx_word' id='word_1_119' title='bbox 64 1605 89 1646; x_wconf 80' lang='lat' dir='ltr'>aa</span> <span class='ocrx_word' id='word_1_120' title='bbox 100 1582 222 1642; x_wconf 88' lang='lat' dir='ltr'>sentiam</span> <span class='ocrx_word' id='word_1_121' title='bbox 239 1599 334 1649; x_wconf 80' lang='lat' dir='ltr'>suam:</span> <span class='ocrx_word' id='word_1_122' title='bbox 360 1583 441 1641; x_wconf 91' lang='lat' dir='ltr'>ouius</span> <span class='ocrx_word' id='word_1_123' title='bbox 456 1584 533 1660; x_wconf 89' lang='lat' dir='ltr'>pacti</span> <span class='ocrx_word' id='word_1_124' title='bbox 548 1599 607 1642; x_wconf 92' lang='lat' dir='ltr'>non</span> <span class='ocrx_word' id='word_1_125' title='bbox 624 1583 763 1644; x_wconf 86' lang='lat' dir='ltr'>dubitavit</span> <span class='ocrx_word' id='word_1_126' title='bbox 778 1600 794 1642; x_wconf 92' lang='lat' dir='ltr'>a</span> <span class='ocrx_word' id='word_1_127' title='bbox 812 1576 1005 1670; x_wconf 81' lang='lat' dir='ltr'>quibusdam</span> <span class='ocrx_word' id='word_1_128' title='bbox 996 1600 1041 1640; x_wconf 89' lang='lat' dir='ltr'>rus</span> <span class='ocrx_word' id='word_1_129' title='bbox 1062 1581 1104 1638; x_wconf 90' lang='lat' dir='ltr'>iu·</span> 
     </span>
     <span class='ocr_line' id='line_1_17' title="bbox 98 1664 1148 1745; baseline -0.004 -19"><span class='ocrx_word' id='word_1_130' title='bbox 98 1665 219 1726; x_wconf 93' lang='lat' dir='ltr'>randum</span> <span class='ocrx_word' id='word_1_131' title='bbox 242 1674 328 1744; x_wconf 89' lang='lat' dir='ltr'>atque</span> <span class='ocrx_word' id='word_1_132' title='bbox 349 1666 433 1724; x_wconf 91' lang='lat' dir='ltr'>etiam</span> <span class='ocrx_word' id='word_1_133' title='bbox 454 1665 649 1745; x_wconf 79' lang='lat' dir='ltr'>syngrapham</span> <span class='ocrx_word' id='word_1_134' title='bbox 664 1669 796 1744; x_wconf 83' lang='lat' dir='ltr'>exigere</span> <span class='ocrx_word' id='word_1_135' title='bbox 840 1666 900 1726; x_wconf 90' lang='lat' dir='ltr'>Sed</span> <span class='ocrx_word' id='word_1_136' title='bbox 923 1683 987 1725; x_wconf 92' lang='lat' dir='ltr'>cum</span> <span class='ocrx_word' id='word_1_137' title='bbox 1001 1664 1148 1724; x_wconf 70' lang='lat' dir='ltr'>Luciusil</span> 
     </span>
     <span class='ocr_line' id='line_1_18' title="bbox 98 1746 1105 1832; baseline -0.005 -22"><span class='ocrx_word' id='word_1_138' title='bbox 98 1750 242 1810; x_wconf 85' lang='lat' dir='ltr'>Domitius</span> <span class='ocrx_word' id='word_1_139' title='bbox 262 1748 429 1809; x_wconf 90' lang='lat' dir='ltr'>consulatus</span> <span class='ocrx_word' id='word_1_140' title='bbox 452 1749 618 1810; x_wconf 89' lang='lat' dir='ltr'>candidatus</span> <span class='ocrx_word' id='word_1_141' title='bbox 646 1751 741 1832; x_wconf 93' lang='lat' dir='ltr'>palam</span> <span class='ocrx_word' id='word_1_142' title='bbox 762 1752 973 1826; x_wconf 90' lang='lat' dir='ltr'>minaretur,o</span> <span class='ocrx_word' id='word_1_143' title='bbox 956 1746 1105 1809; x_wconf 88' lang='lat' dir='ltr'>consulem</span> 
     </span>
    </p>

    <p class='ocr_par' dir='ltr' id='par_1_10' title="bbox 1 1832 1104 1998">
     <span class='ocr_line' id='line_1_19' title="bbox 1 1832 1104 1932; baseline -0.005 -38"><span class='ocrx_word' id='word_1_144' title='bbox 1 1868 2 1871; x_wconf 60' lang='lat'><em>=</em></span> <span class='ocrx_word' id='word_1_145' title='bbox 99 1853 133 1894; x_wconf 88' lang='lat' dir='ltr'>se</span> <span class='ocrx_word' id='word_1_146' title='bbox 150 1834 320 1894; x_wconf 81' lang='lat' dir='ltr'>effecturum</span> <span class='ocrx_word' id='word_1_147' title='bbox 333 1832 410 1912; x_wconf 89' lang='lat' dir='ltr'>quod</span> <span class='ocrx_word' id='word_1_148' title='bbox 423 1841 543 1912; x_wconf 93' lang='lat' dir='ltr'>praetor</span> <span class='ocrx_word' id='word_1_149' title='bbox 553 1836 703 1913; x_wconf 88' lang='lat' dir='ltr'>nequisset</span> <span class='ocrx_word' id='word_1_150' title='bbox 716 1833 1008 1932; x_wconf 84' lang='lat' dir='ltr'>adempturumque</span> <span class='ocrx_word' id='word_1_151' title='bbox 981 1850 1009 1891; x_wconf 84' lang='lat' dir='ltr'>eu</span> <span class='ocrx_word' id='word_1_152' title='bbox 1021 1849 1104 1890; x_wconf 89' lang='lat' dir='ltr'>exer-</span> 
     </span>
     <span class='ocr_line' id='line_1_20' title="bbox 101 1913 1105 1998; baseline -0.005 -20"><span class='ocrx_word' id='word_1_153' title='bbox 101 1920 189 1994; x_wconf 88' lang='lat' dir='ltr'>citus,</span> <span class='ocrx_word' id='word_1_154' title='bbox 215 1915 351 1977; x_wconf 79' lang='lat' dir='ltr'>Crassum</span> <span class='ocrx_word' id='word_1_155' title='bbox 366 1917 623 1998; x_wconf 87' lang='lat' dir='ltr'>Pompeiumque</span> <span class='ocrx_word' id='word_1_156' title='bbox 614 1937 643 1977; x_wconf 91' lang='lat' dir='ltr'>m</span> <span class='ocrx_word' id='word_1_157' title='bbox 664 1918 764 1978; x_wconf 92' lang='lat' dir='ltr'>urbem</span> <span class='ocrx_word' id='word_1_158' title='bbox 781 1918 948 1996; x_wconf 83' lang='lat' dir='ltr'>provinciae</span> <span class='ocrx_word' id='word_1_159' title='bbox 966 1933 1036 1975; x_wconf 89' lang='lat' dir='ltr'>suae</span> <span class='ocrx_word' id='word_1_160' title='bbox 1051 1913 1105 1974; x_wconf 89' lang='lat' dir='ltr'>hu·</span> 
     </span>
    </p>

    <p class='ocr_par' dir='ltr' id='par_1_11' title="bbox 66 2000 1182 2418">
     <span class='ocr_line' id='line_1_21' title="bbox 66 2000 1104 2080; baseline -0.003 -21"><span class='ocrx_word' id='word_1_161' title='bbox 66 2019 164 2063; x_wconf 78' lang='lat' dir='ltr'>socam</span> <span class='ocrx_word' id='word_1_162' title='bbox 186 2009 334 2060; x_wconf 88' lang='lat' dir='ltr'>extractos</span> <span class='ocrx_word' id='word_1_163' title='bbox 356 2001 500 2080; x_wconf 85' lang='lat' dir='ltr'>conpulit,</span> <span class='ocrx_word' id='word_1_164' title='bbox 523 2011 554 2061; x_wconf 90' lang='lat' dir='ltr'>ut</span> <span class='ocrx_word' id='word_1_165' title='bbox 575 2001 745 2062; x_wconf 89' lang='lat' dir='ltr'>detrudendi</span> <span class='ocrx_word' id='word_1_166' title='bbox 760 2000 878 2061; x_wconf 88' lang='lat' dir='ltr'>Domitii</span> <span class='ocrx_word' id='word_1_167' title='bbox 898 2017 986 2061; x_wconf 88' lang='lat' dir='ltr'>causa</span> <span class='ocrx_word' id='word_1_168' title='bbox 1001 2015 1104 2058; x_wconf 89' lang='lat' dir='ltr'>eonsu-</span> 
     </span>
     <span class='ocr_line' id='line_1_22' title="bbox 99 2065 1182 2170; baseline -0.006 -24"><span class='ocrx_word' id='word_1_169' title='bbox 99 2087 188 2146; x_wconf 89' lang='lat' dir='ltr'>latum</span> <span class='ocrx_word' id='word_1_170' title='bbox 213 2085 333 2144; x_wconf 89' lang='lat' dir='ltr'>alterum</span> <span class='ocrx_word' id='word_1_171' title='bbox 360 2094 508 2163; x_wconf 90' lang='lat' dir='ltr'>peterent,</span> <span class='ocrx_word' id='word_1_172' title='bbox 535 2086 750 2165; x_wconf 79' lang='lat' dir='ltr'>perfecitque</span> <span class='ocrx_word' id='word_1_173' title='bbox 727 2075 814 2170; x_wconf 85' lang='lat' dir='ltr'>per</span> <span class='ocrx_word' id='word_1_174' title='bbox 824 2065 1050 2167; x_wconf 81' lang='lat' dir='ltr'>utrumque„irt</span> <span class='ocrx_word' id='word_1_175' title='bbox 1076 2081 1105 2140; x_wconf 84' lang='lat' dir='ltr'>in</span> <span class='ocrx_word' id='word_1_176' title='bbox 1179 2079 1182 2086; x_wconf 84' lang='lat'>&#39;</span> 
     </span>
     <span class='ocr_line' id='line_1_23' title="bbox 101 2147 1106 2249; baseline -0.004 -21"><span class='ocrx_word' id='word_1_177' title='bbox 101 2170 324 2249; x_wconf 89' lang='lat' dir='ltr'>quinquennium</span> <span class='ocrx_word' id='word_1_178' title='bbox 349 2168 435 2228; x_wconf 93' lang='lat' dir='ltr'>sibi</span> <span class='ocrx_word' id='word_1_179' title='bbox 427 2171 577 2247; x_wconf 89' lang='lat' dir='ltr'>rmpcrium</span> <span class='ocrx_word' id='word_1_180' title='bbox 597 2180 817 2249; x_wconf 78' lang='lat' dir='ltr'>prorogaretur.</span> <span class='ocrx_word' id='word_1_181' title='bbox 862 2170 925 2245; x_wconf 76' lang='lat' dir='ltr'>Qua</span> <span class='ocrx_word' id='word_1_182' title='bbox 948 2147 1050 2228; x_wconf 88' lang='lat' dir='ltr'>lidueia</span> <span class='ocrx_word' id='word_1_183' title='bbox 1069 2165 1106 2225; x_wconf 88' lang='lat' dir='ltr'>ad</span> 
     </span>
     <span class='ocr_line' id='line_1_24' title="bbox 99 2253 1105 2334; baseline -0.006 -20"><span class='ocrx_word' id='word_1_184' title='bbox 99 2255 252 2330; x_wconf 81' lang='lat' dir='ltr'>legiones,</span> <span class='ocrx_word' id='word_1_185' title='bbox 273 2270 344 2331; x_wconf 87' lang='lat' dir='ltr'>quas</span> <span class='ocrx_word' id='word_1_186' title='bbox 366 2271 382 2312; x_wconf 91' lang='lat' dir='ltr'>a</span> <span class='ocrx_word' id='word_1_187' title='bbox 397 2270 430 2311; x_wconf 90' lang='lat' dir='ltr'>re</span> <span class='ocrx_word' id='word_1_188' title='bbox 445 2253 561 2332; x_wconf 89' lang='lat' dir='ltr'>publica</span> <span class='ocrx_word' id='word_1_189' title='bbox 576 2264 750 2334; x_wconf 89' lang='lat' dir='ltr'>acceperat,</span> <span class='ocrx_word' id='word_1_190' title='bbox 772 2253 843 2314; x_wconf 88' lang='lat' dir='ltr'>alias</span> <span class='ocrx_word' id='word_1_191' title='bbox 859 2255 975 2333; x_wconf 82' lang='lat' dir='ltr'>priuato</span> <span class='ocrx_word' id='word_1_192' title='bbox 991 2259 1105 2330; x_wconf 88' lang='lat' dir='ltr'>sumptu</span> 
     </span>
     <span class='ocr_line' id='line_1_25' title="bbox 100 2333 1104 2418; baseline -0.005 -20"><span class='ocrx_word' id='word_1_193' title='bbox 100 2336 222 2412; x_wconf 90' lang='lat' dir='ltr'>addidit,</span> <span class='ocrx_word' id='word_1_194' title='bbox 247 2354 330 2396; x_wconf 88' lang='lat' dir='ltr'>unam</span> <span class='ocrx_word' id='word_1_195' title='bbox 351 2338 437 2396; x_wconf 89' lang='lat' dir='ltr'>etiam</span> <span class='ocrx_word' id='word_1_196' title='bbox 452 2355 490 2396; x_wconf 84' lang='lat' dir='ltr'>ex</span> <span class='ocrx_word' id='word_1_197' title='bbox 506 2337 703 2418; x_wconf 82' lang='lat' dir='ltr'>Transalpinis</span> <span class='ocrx_word' id='word_1_198' title='bbox 725 2340 935 2416; x_wconf 90' lang='lat' dir='ltr'>conscriptam,</span> <span class='ocrx_word' id='word_1_199' title='bbox 958 2333 1104 2395; x_wconf 86' lang='lat' dir='ltr'>vocabulo</span> 
     </span>
    </p>

    <p class='ocr_par' dir='ltr' id='par_1_12' title="bbox 65 2418 1105 2583">
     <span class='ocr_line' id='line_1_26' title="bbox 65 2418 1105 2502; baseline -0.008 -18"><span class='ocrx_word' id='word_1_200' title='bbox 65 2439 219 2502; x_wconf 77' lang='lat' dir='ltr'>aequoque</span> <span class='ocrx_word' id='word_1_201' title='bbox 236 2419 348 2482; x_wconf 85' lang='lat' dir='ltr'>Gallico</span> <span class='ocrx_word' id='word_1_202' title='bbox 367 2421 495 2499; x_wconf 82' lang='lat' dir='ltr'>(Alauda</span> <span class='ocrx_word' id='word_1_203' title='bbox 517 2423 592 2481; x_wconf 91' lang='lat' dir='ltr'>enim</span> <span class='ocrx_word' id='word_1_204' title='bbox 610 2421 828 2501; x_wconf 85' lang='lat' dir='ltr'>appellabatur)</span> <span class='ocrx_word' id='word_1_205' title='bbox 852 2437 936 2498; x_wconf 90' lang='lat' dir='ltr'>quam</span> <span class='ocrx_word' id='word_1_206' title='bbox 949 2418 1105 2498; x_wconf 88' lang='lat' dir='ltr'>disciplina</span> 
     </span>
     <span class='ocr_line' id='line_1_27' title="bbox 100 2504 1105 2583; baseline -0.007 -17"><span class='ocrx_word' id='word_1_207' title='bbox 100 2505 239 2582; x_wconf 88' lang='lat' dir='ltr'>cultuque</span> <span class='ocrx_word' id='word_1_208' title='bbox 258 2505 389 2565; x_wconf 85' lang='lat' dir='ltr'>Romano</span> <span class='ocrx_word' id='word_1_209' title='bbox 409 2507 564 2566; x_wconf 90' lang='lat' dir='ltr'>institutam</span> <span class='ocrx_word' id='word_1_210' title='bbox 589 2515 619 2565; x_wconf 88' lang='lat' dir='ltr'>et</span> <span class='ocrx_word' id='word_1_211' title='bbox 643 2515 787 2582; x_wconf 91' lang='lat' dir='ltr'>ornatam,</span> <span class='ocrx_word' id='word_1_212' title='bbox 815 2513 918 2583; x_wconf 88' lang='lat' dir='ltr'>postea</span> <span class='ocrx_word' id='word_1_213' title='bbox 942 2504 1105 2562; x_wconf 85' lang='lat' dir='ltr'>universam</span> 
     </span>
    </p>

    <p class='ocr_par' dir='ltr' id='par_1_13' title="bbox 64 2585 1105 2834">
     <span class='ocr_line' id='line_1_28' title="bbox 64 2585 1105 2664; baseline -0.008 -14"><span class='ocrx_word' id='word_1_214' title='bbox 64 2647 66 2655; x_wconf 81' lang='grc'>,</span> <span class='ocrx_word' id='word_1_215' title='bbox 101 2589 220 2650; x_wconf 88' lang='lat' dir='ltr'>civitate</span> <span class='ocrx_word' id='word_1_216' title='bbox 242 2587 368 2649; x_wconf 86' lang='lat' dir='ltr'>donarit.</span> <span class='ocrx_word' id='word_1_217' title='bbox 412 2589 476 2649; x_wconf 89' lang='lat' dir='ltr'>Neo</span> <span class='ocrx_word' id='word_1_218' title='bbox 499 2589 602 2649; x_wconf 90' lang='lat' dir='ltr'>deinde</span> <span class='ocrx_word' id='word_1_219' title='bbox 623 2590 683 2650; x_wconf 94' lang='lat' dir='ltr'>ulla</span> <span class='ocrx_word' id='word_1_220' title='bbox 703 2589 774 2649; x_wconf 90' lang='lat' dir='ltr'>belli</span> <span class='ocrx_word' id='word_1_221' title='bbox 801 2588 978 2662; x_wconf 85' lang='lat' dir='ltr'>occasione,</span> <span class='ocrx_word' id='word_1_222' title='bbox 1005 2602 1042 2664; x_wconf 75' lang='lat' dir='ltr'>ne</span> <span class='ocrx_word' id='word_1_223' title='bbox 1063 2585 1105 2643; x_wconf 91' lang='lat' dir='ltr'>in·</span> 
     </span>
     <span class='ocr_line' id='line_1_29' title="bbox 99 2669 1105 2752; baseline -0.007 -18"><span class='ocrx_word' id='word_1_224' title='bbox 99 2674 169 2734; x_wconf 90' lang='lat' dir='ltr'>iusti</span> <span class='ocrx_word' id='word_1_225' title='bbox 185 2672 299 2750; x_wconf 86' lang='lat' dir='ltr'>quidem</span> <span class='ocrx_word' id='word_1_226' title='bbox 316 2691 351 2733; x_wconf 84' lang='lat' dir='ltr'>ae</span> <span class='ocrx_word' id='word_1_227' title='bbox 366 2672 525 2752; x_wconf 91' lang='lat' dir='ltr'>periculosi</span> <span class='ocrx_word' id='word_1_228' title='bbox 545 2673 693 2751; x_wconf 86' lang='lat' dir='ltr'>abstinuit,</span> <span class='ocrx_word' id='word_1_229' title='bbox 716 2681 773 2733; x_wconf 91' lang='lat' dir='ltr'>tam</span> <span class='ocrx_word' id='word_1_230' title='bbox 791 2672 949 2732; x_wconf 78' lang='lat' dir='ltr'>foederatis</span> <span class='ocrx_word' id='word_1_231' title='bbox 965 2686 1049 2748; x_wconf 87' lang='lat' dir='ltr'>quam</span> <span class='ocrx_word' id='word_1_232' title='bbox 1065 2669 1105 2727; x_wconf 92' lang='lat' dir='ltr'>in-</span> 
     </span>
     <span class='ocr_line' id='line_1_30' title="bbox 100 2718 1105 2834; baseline -0.006 -16"><span class='ocrx_word' id='word_1_233' title='bbox 100 2757 186 2818; x_wconf 85' lang='lat' dir='ltr'>festis</span> <span class='ocrx_word' id='word_1_234' title='bbox 197 2775 232 2815; x_wconf 90' lang='lat' dir='ltr'>ac</span> <span class='ocrx_word' id='word_1_235' title='bbox 245 2757 316 2816; x_wconf 88' lang='lat' dir='ltr'>ieris</span> <span class='ocrx_word' id='word_1_236' title='bbox 330 2757 466 2834; x_wconf 85' lang='lat' dir='ltr'>gentibus</span> <span class='ocrx_word' id='word_1_237' title='bbox 478 2757 553 2816; x_wconf 74' lang='lat' dir='ltr'>ulmo</span> <span class='ocrx_word' id='word_1_238' title='bbox 569 2718 731 2832; x_wconf 86' lang='lat' dir='ltr'>lacessitis,</span> <span class='ocrx_word' id='word_1_239' title='bbox 747 2756 821 2816; x_wconf 91' lang='lat' dir='ltr'>adeo</span> <span class='ocrx_word' id='word_1_240' title='bbox 837 2765 867 2816; x_wconf 95' lang='lat' dir='ltr'>ut</span> <span class='ocrx_word' id='word_1_241' title='bbox 882 2763 999 2815; x_wconf 88' lang='lat' dir='ltr'>senatus</span> <span class='ocrx_word' id='word_1_242' title='bbox 1015 2769 1105 2832; x_wconf 92' lang='lat' dir='ltr'>quon</span> 
     </span>
    </p>

    <p class='ocr_par' dir='ltr' id='par_1_14' title="bbox 68 2835 1106 3088">
     <span class='ocr_line' id='line_1_31' title="bbox 68 2835 1105 2920; baseline -0.004 -22"><span class='ocrx_word' id='word_1_243' title='bbox 68 2855 93 2898; x_wconf 83' lang='lat' dir='ltr'>eo</span> <span class='ocrx_word' id='word_1_244' title='bbox 104 2841 170 2901; x_wconf 90' lang='lat' dir='ltr'>dam</span> <span class='ocrx_word' id='word_1_245' title='bbox 185 2839 301 2917; x_wconf 88' lang='lat' dir='ltr'>legatos</span> <span class='ocrx_word' id='word_1_246' title='bbox 317 2840 353 2901; x_wconf 89' lang='lat' dir='ltr'>ad</span> <span class='ocrx_word' id='word_1_247' title='bbox 374 2840 583 2920; x_wconf 83' lang='lat' dir='ltr'>explorandum</span> <span class='ocrx_word' id='word_1_248' title='bbox 598 2849 701 2902; x_wconf 89' lang='lat' dir='ltr'>statum</span> <span class='ocrx_word' id='word_1_249' title='bbox 716 2841 871 2901; x_wconf 83' lang='lat' dir='ltr'>Galliarum</span> <span class='ocrx_word' id='word_1_250' title='bbox 885 2837 1039 2898; x_wconf 87' lang='lat' dir='ltr'>mittendos</span> <span class='ocrx_word' id='word_1_251' title='bbox 1057 2835 1105 2896; x_wconf 90' lang='lat' dir='ltr'>de·</span> 
     </span>
     <span class='ocr_line' id='line_1_32' title="bbox 103 2918 1106 3001; baseline -0.007 -16"><span class='ocrx_word' id='word_1_252' title='bbox 103 2925 247 3001; x_wconf 78' lang='lat' dir='ltr'>creuerit,</span> <span class='ocrx_word' id='word_1_253' title='bbox 264 2943 298 2984; x_wconf 89' lang='lat' dir='ltr'>ae</span> <span class='ocrx_word' id='word_1_254' title='bbox 312 2925 441 2985; x_wconf 88' lang='lat' dir='ltr'>nonnulli</span> <span class='ocrx_word' id='word_1_255' title='bbox 454 2925 613 2985; x_wconf 90' lang='lat' dir='ltr'>dedendum</span> <span class='ocrx_word' id='word_1_256' title='bbox 628 2943 692 2985; x_wconf 92' lang='lat' dir='ltr'>eum</span> <span class='ocrx_word' id='word_1_257' title='bbox 703 2923 834 2984; x_wconf 87' lang='lat' dir='ltr'>hostibus</span> <span class='ocrx_word' id='word_1_258' title='bbox 846 2922 1019 2984; x_wconf 89' lang='lat' dir='ltr'>censuerint.</span> <span class='ocrx_word' id='word_1_259' title='bbox 1047 2918 1106 2980; x_wconf 89' lang='lat' dir='ltr'>Sed</span> 
     </span>
     <span class='ocr_line' id='line_1_33' title="bbox 102 3008 1106 3106; baseline -0.007 -38"><span class='ocrx_word' id='word_1_260' title='bbox 102 3025 248 3106; x_wconf 81' lang='lat' dir='ltr'>prospere</span> <span class='ocrx_word' id='word_1_261' title='bbox 276 3009 484 3069; x_wconf 87' lang='lat' dir='ltr'>decedentibus</span> <span class='ocrx_word' id='word_1_262' title='bbox 504 3009 605 3086; x_wconf 91' lang='lat' dir='ltr'>rebus,</span> <span class='ocrx_word' id='word_1_263' title='bbox 628 3018 657 3068; x_wconf 91' lang='lat' dir='ltr'>et</span> <span class='ocrx_word' id='word_1_264' title='bbox 678 3010 795 3087; x_wconf 87' lang='lat' dir='ltr'>saepius</span> <span class='ocrx_word' id='word_1_265' title='bbox 816 3017 845 3068; x_wconf 89' lang='lat' dir='ltr'>et</span> <span class='ocrx_word' id='word_1_266' title='bbox 873 3008 996 3086; x_wconf 91' lang='lat' dir='ltr'>plurium</span> <span class='ocrx_word' id='word_1_267' title='bbox 1022 3021 1106 3082; x_wconf 94' lang='lat' dir='ltr'>quam</span> 
     </span>
    </p>

    <p class='ocr_par' dir='ltr' id='par_1_15' title="bbox 40 3088 1149 3256">
     <span class='ocr_line' id='line_1_34' title="bbox 40 3088 1149 3173; baseline -0.01 -18"><span class='ocrx_word' id='word_1_268' title='bbox 40 3105 43 3116; x_wconf 96' lang='grc'>’</span> <span class='ocrx_word' id='word_1_269' title='bbox 104 3095 255 3173; x_wconf 85' lang='lat' dir='ltr'>quisquam</span> <span class='ocrx_word' id='word_1_270' title='bbox 270 3110 403 3170; x_wconf 90' lang='lat' dir='ltr'>umquam</span> <span class='ocrx_word' id='word_1_271' title='bbox 420 3093 529 3153; x_wconf 87' lang='lat' dir='ltr'>dierum</span> <span class='ocrx_word' id='word_1_272' title='bbox 545 3093 773 3172; x_wconf 88' lang='lat' dir='ltr'>supplicationes</span> <span class='ocrx_word' id='word_1_273' title='bbox 791 3093 964 3170; x_wconf 84' lang='lat' dir='ltr'>impetravit.</span> <span class='ocrx_word' id='word_1_274' title='bbox 1011 3088 1149 3150; x_wconf 68' lang='lat' dir='ltr'>Gessitbb</span> 
     </span>
     <span class='ocr_line' id='line_1_35' title="bbox 97 3174 995 3256; baseline -0.006 -19"><span class='ocrx_word' id='word_1_275' title='bbox 97 3181 200 3237; x_wconf 81' lang='lat' dir='ltr'>autem</span> <span class='ocrx_word' id='word_1_276' title='bbox 214 3194 320 3238; x_wconf 87' lang='lat' dir='ltr'>novem</span> <span class='ocrx_word' id='word_1_277' title='bbox 335 3179 432 3254; x_wconf 87' lang='lat' dir='ltr'>annis,</span> <span class='ocrx_word' id='word_1_278' title='bbox 450 3177 553 3255; x_wconf 91' lang='lat' dir='ltr'>quibus</span> <span class='ocrx_word' id='word_1_279' title='bbox 567 3178 595 3236; x_wconf 95' lang='lat' dir='ltr'>in</span> <span class='ocrx_word' id='word_1_280' title='bbox 612 3177 733 3256; x_wconf 90' lang='lat' dir='ltr'>imperio</span> <span class='ocrx_word' id='word_1_281' title='bbox 750 3177 817 3253; x_wconf 85' lang='lat' dir='ltr'>luit,</span> <span class='ocrx_word' id='word_1_282' title='bbox 833 3174 907 3236; x_wconf 90' lang='lat' dir='ltr'>hace</span> <span class='ocrx_word' id='word_1_283' title='bbox 921 3176 995 3235; x_wconf 87' lang='lat' dir='ltr'>iere.</span> 
     </span>
    </p>

    <p class='ocr_par' dir='ltr' id='par_1_16' title="bbox 58 3258 1106 3509">
     <span class='ocr_line' id='line_1_36' title="bbox 58 3258 1106 3340; baseline -0.007 -19"><span class='ocrx_word' id='word_1_284' title='bbox 58 3279 94 3321; x_wconf 77' lang='lat' dir='ltr'>aa</span> <span class='ocrx_word' id='word_1_285' title='bbox 170 3259 290 3321; x_wconf 84' lang='lat' dir='ltr'>Omnem</span> <span class='ocrx_word' id='word_1_286' title='bbox 316 3261 455 3338; x_wconf 85' lang='lat' dir='ltr'>Galliam,</span> <span class='ocrx_word' id='word_1_287' title='bbox 484 3279 558 3340; x_wconf 91' lang='lat' dir='ltr'>quae</span> <span class='ocrx_word' id='word_1_288' title='bbox 585 3262 659 3322; x_wconf 90' lang='lat' dir='ltr'>saltu</span> <span class='ocrx_word' id='word_1_289' title='bbox 685 3261 836 3336; x_wconf 78' lang='lat' dir='ltr'>Pyrenaeo</span> <span class='ocrx_word' id='word_1_290' title='bbox 865 3258 1048 3338; x_wconf 75' lang='lat' dir='ltr'>Alpibusque</span> <span class='ocrx_word' id='word_1_291' title='bbox 1077 3264 1106 3315; x_wconf 88' lang='lat' dir='ltr'>et</span> 
     </span>
     <span class='ocr_line' id='line_1_37' title="bbox 103 3342 1105 3423; baseline -0.008 -17"><span class='ocrx_word' id='word_1_292' title='bbox 103 3353 204 3406; x_wconf 90' lang='lat' dir='ltr'>monte</span> <span class='ocrx_word' id='word_1_293' title='bbox 229 3343 383 3423; x_wconf 77' lang='lat' dir='ltr'>Gebenua,</span> <span class='ocrx_word' id='word_1_294' title='bbox 405 3345 566 3406; x_wconf 85' lang='lat' dir='ltr'>fluminibus</span> <span class='ocrx_word' id='word_1_295' title='bbox 586 3345 689 3406; x_wconf 88' lang='lat' dir='ltr'>Rheno</span> <span class='ocrx_word' id='word_1_296' title='bbox 712 3362 747 3404; x_wconf 89' lang='lat' dir='ltr'>ac</span> <span class='ocrx_word' id='word_1_297' title='bbox 767 3343 909 3405; x_wconf 85' lang='lat' dir='ltr'>Rhodano</span> <span class='ocrx_word' id='word_1_298' title='bbox 933 3342 1105 3415; x_wconf 87' lang='lat' dir='ltr'>continetur,</span> 
     </span>
     <span class='ocr_line' id='line_1_38' title="bbox 105 3426 1105 3509; baseline -0.006 -21"><span class='ocrx_word' id='word_1_299' title='bbox 105 3437 244 3509; x_wconf 88' lang='lat' dir='ltr'>patetque</span> <span class='ocrx_word' id='word_1_300' title='bbox 270 3431 390 3490; x_wconf 90' lang='lat' dir='ltr'>circuitu</span> <span class='ocrx_word' id='word_1_301' title='bbox 418 3429 460 3490; x_wconf 83' lang='lat' dir='ltr'>ad·-</span> <span class='ocrx_word' id='word_1_302' title='bbox 480 3428 526 3490; x_wconf 89' lang='lat' dir='ltr'>bis</span> <span class='ocrx_word' id='word_1_303' title='bbox 547 3438 576 3488; x_wconf 88' lang='lat' dir='ltr'>et</span> <span class='ocrx_word' id='word_1_304' title='bbox 601 3431 699 3490; x_wconf 90' lang='lat' dir='ltr'>tricies</span> <span class='ocrx_word' id='word_1_305' title='bbox 723 3437 836 3489; x_wconf 88' lang='lat' dir='ltr'>centum</span> <span class='ocrx_word' id='word_1_306' title='bbox 861 3426 937 3486; x_wconf 92' lang='lat' dir='ltr'>milia</span> <span class='ocrx_word' id='word_1_307' title='bbox 960 3443 1105 3504; x_wconf 90' lang='lat' dir='ltr'>passuum,</span> 
     </span>
    </p>
   </div>
   <div class='ocr_carea' id='block_1_3' title="bbox 107 3509 1108 3593">
    <p class='ocr_par' dir='ltr' id='par_1_17' title="bbox 107 3509 1108 3593">
     <span class='ocr_line' id='line_1_39' title="bbox 107 3509 1108 3593; baseline -0.008 -20"><span class='ocrx_word' id='word_1_308' title='bbox 107 3523 225 3593; x_wconf 85' lang='lat' dir='ltr'>praeter</span> <span class='ocrx_word' id='word_1_309' title='bbox 245 3515 342 3574; x_wconf 86' lang='lat' dir='ltr'>socias</span> <span class='ocrx_word' id='word_1_310' title='bbox 363 3532 398 3574; x_wconf 90' lang='lat' dir='ltr'>ac</span> <span class='ocrx_word' id='word_1_311' title='bbox 420 3513 496 3574; x_wconf 90' lang='lat' dir='ltr'>bene</span> <span class='ocrx_word' id='word_1_312' title='bbox 513 3515 631 3574; x_wconf 90' lang='lat' dir='ltr'>meritas</span> <span class='ocrx_word' id='word_1_313' title='bbox 647 3513 795 3588; x_wconf 86' lang='lat' dir='ltr'>civitates,</span> <span class='ocrx_word' id='word_1_314' title='bbox 816 3513 845 3570; x_wconf 93' lang='lat' dir='ltr'>in</span> <span class='ocrx_word' id='word_1_315' title='bbox 863 3510 1032 3589; x_wconf 79' lang='lat' dir='ltr'>provinciae</span> <span class='ocrx_word' id='word_1_316' title='bbox 1047 3509 1108 3568; x_wconf 85' lang='lat' dir='ltr'>ior·</span> 
     </span>
    </p>
   </div>
   <div class='ocr_carea' id='block_1_4' title="bbox 0 0 1212 3876">
    <p class='ocr_par' dir='ltr' id='par_1_18' title="bbox 0 0 1212 3876">
     <span class='ocr_line' id='line_1_40' title="bbox 0 0 1212 3876; baseline 0 0"><span class='ocrx_word' id='word_1_317' title='bbox 0 0 1212 3876; x_wconf 95' lang='lat' dir='ltr'> </span> 
     </span>
    </p>
   </div>
  </div>
 </body>
</html>
