<?xml version="1.0" encoding="UTF-8"?>
<!DOCTYPE html PUBLIC "-//W3C//DTD XHTML 1.0 Transitional//EN"
    "http://www.w3.org/TR/xhtml1/DTD/xhtml1-transitional.dtd">
<html xmlns="http://www.w3.org/1999/xhtml" xml:lang="en" lang="en">
 <head>
  <title>
</title>
<meta http-equiv="Content-Type" content="text/html;charset=utf-8" />
  <meta name='ocr-system' content='tesseract 3.04.00' />
  <meta name='ocr-capabilities' content='ocr_page ocr_carea ocr_par ocr_line ocrx_word'/>
</head>
<body>
  <div class='ocr_page' id='page_1' title='image "./csuetonitranqui00rothgoog_0335.png"; bbox 0 0 2438 3872; ppageno 0'>
   <div class='ocr_carea' id='block_1_1' title="bbox 448 135 1139 224">
    <p class='ocr_par' dir='ltr' id='par_1_1' title="bbox 448 135 1139 224">
     <span class='ocr_line' id='line_1_1' title="bbox 448 135 1139 224; baseline 0.006 -4"><span class='ocrx_word' id='word_1_1' title='bbox 448 175 553 222; x_wconf 87' lang='lat' dir='ltr'><strong>nuvus</strong></span> <span class='ocrx_word' id='word_1_2' title='bbox 571 135 818 223; x_wconf 78' lang='lat' dir='ltr'><strong>unsrusmuus.</strong></span> <span class='ocrx_word' id='word_1_3' title='bbox 1079 163 1139 224; x_wconf 83' lang='lat'><strong>225</strong></span> 
     </span>
    </p>
   </div>
   <div class='ocr_carea' id='block_1_2' title="bbox 107 330 1141 1068">
    <p class='ocr_par' dir='ltr' id='par_1_2' title="bbox 136 330 1140 410">
     <span class='ocr_line' id='line_1_2' title="bbox 136 330 1140 410; baseline -0.003 -17"><span class='ocrx_word' id='word_1_4' title='bbox 136 334 205 393; x_wconf 90' lang='lat' dir='ltr'><strong>tium</strong></span> <span class='ocrx_word' id='word_1_5' title='bbox 229 331 362 391; x_wconf 93' lang='lat' dir='ltr'><strong>euntibus</strong></span> <span class='ocrx_word' id='word_1_6' title='bbox 385 332 414 391; x_wconf 94' lang='lat' dir='ltr'>in</span> <span class='ocrx_word' id='word_1_7' title='bbox 438 340 536 392; x_wconf 92' lang='lat' dir='ltr'><strong>monte</strong></span> <span class='ocrx_word' id='word_1_8' title='bbox 560 347 670 391; x_wconf 95' lang='lat' dir='ltr'><strong>summo</strong></span> <span class='ocrx_word' id='word_1_9' title='bbox 694 331 860 410; x_wconf 88' lang='lat' dir='ltr'><strong>appellatur</strong></span> <span class='ocrx_word' id='word_1_10' title='bbox 881 331 1061 410; x_wconf 79' lang='lat' dir='ltr'>Vespasiae,</span> <span class='ocrx_word' id='word_1_11' title='bbox 1093 330 1140 391; x_wconf 93' lang='lat' dir='ltr'><strong>ubi</strong></span> 
     </span>
    </p>

    <p class='ocr_par' dir='ltr' id='par_1_3' title="bbox 137 415 1140 498">
     <span class='ocr_line' id='line_1_3' title="bbox 137 415 1140 498; baseline -0.005 -19"><span class='ocrx_word' id='word_1_12' title='bbox 137 416 350 498; x_wconf 80' lang='lat' dir='ltr'>Vespasiorum</span> <span class='ocrx_word' id='word_1_13' title='bbox 370 415 520 494; x_wconf 79' lang='lat' dir='ltr'><strong>complura</strong></span> <span class='ocrx_word' id='word_1_14' title='bbox 535 424 718 476; x_wconf 92' lang='lat' dir='ltr'><strong>monumenta</strong></span> <span class='ocrx_word' id='word_1_15' title='bbox 732 424 840 494; x_wconf 82' lang='lat' dir='ltr'><strong>extant,</strong></span> <span class='ocrx_word' id='word_1_16' title='bbox 853 433 988 492; x_wconf 76' lang='lat' dir='ltr'><strong>magnum</strong></span> <span class='ocrx_word' id='word_1_17' title='bbox 1006 415 1140 475; x_wconf 81' lang='lat' dir='ltr'><strong>indicium</strong></span> 
     </span>
    </p>

    <p class='ocr_par' dir='ltr' id='par_1_4' title="bbox 136 499 1141 583">
     <span class='ocr_line' id='line_1_4' title="bbox 136 499 1141 583; baseline -0.005 -20"><span class='ocrx_word' id='word_1_18' title='bbox 136 499 445 583; x_wconf 89' lang='lat' dir='ltr'><strong>splendorisiamiliae</strong></span> <span class='ocrx_word' id='word_1_19' title='bbox 469 509 499 561; x_wconf 89' lang='lat' dir='ltr'><strong>et</strong></span> <span class='ocrx_word' id='word_1_20' title='bbox 521 501 683 560; x_wconf 86' lang='lat' dir='ltr'><strong>uetustatis.</strong></span> <span class='ocrx_word' id='word_1_21' title='bbox 724 499 790 560; x_wconf 89' lang='lat' dir='ltr'><strong>Non</strong></span> <span class='ocrx_word' id='word_1_22' title='bbox 813 501 982 578; x_wconf 83' lang='lat' dir='ltr'><strong>negauerim</strong></span> <span class='ocrx_word' id='word_1_23' title='bbox 1005 500 1141 560; x_wconf 83' lang='lat' dir='ltr'><strong>iactatum</strong></span> 
     </span>
    </p>

    <p class='ocr_par' dir='ltr' id='par_1_5' title="bbox 107 583 1139 749">
     <span class='ocr_line' id='line_1_5' title="bbox 136 583 1139 666; baseline -0.006 -18"><span class='ocrx_word' id='word_1_24' title='bbox 136 585 348 666; x_wconf 76' lang='lat' dir='ltr'><strong>aquibusdam</strong></span> <span class='ocrx_word' id='word_1_25' title='bbox 368 583 501 645; x_wconf 87' lang='lat' dir='ltr'><strong>Petronis</strong></span> <span class='ocrx_word' id='word_1_26' title='bbox 518 593 662 664; x_wconf 89' lang='lat' dir='ltr'><strong>patreme</strong></span> <span class='ocrx_word' id='word_1_27' title='bbox 680 585 803 662; x_wconf 82' lang='lat' dir='ltr'>regione</span> <span class='ocrx_word' id='word_1_28' title='bbox 819 584 1026 663; x_wconf 81' lang='lat' dir='ltr'><strong>Transpadana</strong></span> <span class='ocrx_word' id='word_1_29' title='bbox 1049 584 1139 644; x_wconf 89' lang='lat' dir='ltr'><strong>inisse</strong></span> 
     </span>
     <span class='ocr_line' id='line_1_6' title="bbox 107 667 1139 749; baseline -0.003 -19"><span class='ocrx_word' id='word_1_30' title='bbox 107 672 300 749; x_wconf 85' lang='lat' dir='ltr'><strong>smanoipem</strong></span> <span class='ocrx_word' id='word_1_31' title='bbox 315 687 488 748; x_wconf 88' lang='lat' dir='ltr'><strong>operarum,</strong></span> <span class='ocrx_word' id='word_1_32' title='bbox 513 686 590 748; x_wconf 85' lang='lat' dir='ltr'><strong>quae</strong></span> <span class='ocrx_word' id='word_1_33' title='bbox 605 686 642 729; x_wconf 88' lang='lat' dir='ltr'><strong>ex</strong></span> <span class='ocrx_word' id='word_1_34' title='bbox 658 667 776 732; x_wconf 88' lang='lat' dir='ltr'><strong>Umbria</strong></span> <span class='ocrx_word' id='word_1_35' title='bbox 797 670 826 727; x_wconf 93' lang='lat' dir='ltr'>in</span> <span class='ocrx_word' id='word_1_36' title='bbox 842 667 967 730; x_wconf 91' lang='lat' dir='ltr'><strong>Sabinos</strong></span> <span class='ocrx_word' id='word_1_37' title='bbox 990 668 1027 729; x_wconf 92' lang='lat' dir='ltr'><strong>ad</strong></span> <span class='ocrx_word' id='word_1_38' title='bbox 1049 669 1139 729; x_wconf 89' lang='lat' dir='ltr'><strong>oultu·</strong></span> 
     </span>
    </p>

    <p class='ocr_par' dir='ltr' id='par_1_6' title="bbox 135 752 1140 832">
     <span class='ocr_line' id='line_1_7' title="bbox 135 752 1140 832; baseline -0.003 -17"><span class='ocrx_word' id='word_1_39' title='bbox 135 773 198 816; x_wconf 94' lang='lat' dir='ltr'><strong>ram</strong></span> <span class='ocrx_word' id='word_1_40' title='bbox 213 772 353 832; x_wconf 78' lang='lat' dir='ltr'><strong>agrorum</strong></span> <span class='ocrx_word' id='word_1_41' title='bbox 369 762 440 832; x_wconf 89' lang='lat' dir='ltr'><strong>quot</strong></span> <span class='ocrx_word' id='word_1_42' title='bbox 455 753 537 813; x_wconf 94' lang='lat' dir='ltr'><strong>annis</strong></span> <span class='ocrx_word' id='word_1_43' title='bbox 561 770 725 814; x_wconf 77' lang='lat' dir='ltr'><strong>commeare</strong></span> <span class='ocrx_word' id='word_1_44' title='bbox 747 753 877 821; x_wconf 91' lang='lat' dir='ltr'><strong>soleant;</strong></span> <span class='ocrx_word' id='word_1_45' title='bbox 899 752 1069 814; x_wconf 76' lang='lat' dir='ltr'><strong>subsedisse</strong></span> <span class='ocrx_word' id='word_1_46' title='bbox 1092 771 1140 812; x_wconf 92' lang='lat' dir='ltr'><strong>au·</strong></span> 
     </span>
    </p>

    <p class='ocr_par' dir='ltr' id='par_1_7' title="bbox 134 836 1139 1068">
     <span class='ocr_line' id='line_1_8' title="bbox 135 836 1139 917; baseline -0.003 -18"><span class='ocrx_word' id='word_1_47' title='bbox 135 840 239 900; x_wconf 86' lang='lat' dir='ltr'><strong>tamin</strong></span> <span class='ocrx_word' id='word_1_48' title='bbox 256 837 368 917; x_wconf 92' lang='lat' dir='ltr'><strong>oppido</strong></span> <span class='ocrx_word' id='word_1_49' title='bbox 386 838 523 916; x_wconf 87' lang='lat' dir='ltr'><strong>Reatino,</strong></span> <span class='ocrx_word' id='word_1_50' title='bbox 543 856 637 899; x_wconf 84' lang='lat' dir='ltr'><strong>uxore</strong></span> <span class='ocrx_word' id='word_1_51' title='bbox 650 837 756 898; x_wconf 79' lang='lat' dir='ltr'>ibidem</span> <span class='ocrx_word' id='word_1_52' title='bbox 771 837 867 897; x_wconf 85' lang='lat' dir='ltr'><strong>dueta.</strong></span> <span class='ocrx_word' id='word_1_53' title='bbox 900 836 969 916; x_wconf 87' lang='lat' dir='ltr'><strong>lpse</strong></span> <span class='ocrx_word' id='word_1_54' title='bbox 994 855 1031 898; x_wconf 90' lang='lat' dir='ltr'><strong>ne</strong></span> <span class='ocrx_word' id='word_1_55' title='bbox 1052 839 1139 897; x_wconf 86' lang='lat' dir='ltr'><strong>vesti·</strong></span> 
     </span>
     <span class='ocr_line' id='line_1_9' title="bbox 134 921 1139 1002; baseline -0.002 -20"><span class='ocrx_word' id='word_1_56' title='bbox 134 925 215 1002; x_wconf 72' lang='lat' dir='ltr'><strong>pium</strong></span> <span class='ocrx_word' id='word_1_57' title='bbox 232 921 347 1001; x_wconf 84' lang='lat' dir='ltr'><strong>quidem</strong></span> <span class='ocrx_word' id='word_1_58' title='bbox 363 921 400 981; x_wconf 89' lang='lat' dir='ltr'><strong>de</strong></span> <span class='ocrx_word' id='word_1_59' title='bbox 417 921 489 999; x_wconf 85' lang='lat' dir='ltr'><strong>boe,</strong></span> <span class='ocrx_word' id='word_1_60' title='bbox 510 923 641 1000; x_wconf 84' lang='lat' dir='ltr'><strong>quamvis</strong></span> <span class='ocrx_word' id='word_1_61' title='bbox 661 923 731 986; x_wconf 91' lang='lat' dir='ltr'><strong>satis</strong></span> <span class='ocrx_word' id='word_1_62' title='bbox 747 923 862 983; x_wconf 82' lang='lat' dir='ltr'><strong>curiose</strong></span> <span class='ocrx_word' id='word_1_63' title='bbox 883 922 1075 1002; x_wconf 84' lang='lat' dir='ltr'>inquirerem,</span> <span class='ocrx_word' id='word_1_64' title='bbox 1098 923 1139 981; x_wconf 93' lang='lat' dir='ltr'>in·</span> 
     </span>
     <span class='ocr_line' id='line_1_10' title="bbox 134 1010 388 1068; baseline 0.004 -1"><span class='ocrx_word' id='word_1_65' title='bbox 134 1010 214 1068; x_wconf 87' lang='lat' dir='ltr'><strong>veni.</strong></span> <span class='ocrx_word' id='word_1_66' title='bbox 382 1011 388 1026; x_wconf 92' lang='grc'><em>“</em></span> 
     </span>
    </p>
   </div>
   <div class='ocr_carea' id='block_1_3' title="bbox 1 1087 1168 1171">
    <p class='ocr_par' dir='ltr' id='par_1_8' title="bbox 1 1087 1168 1171">
     <span class='ocr_line' id='line_1_11' title="bbox 1 1087 1168 1171; baseline -0.008 -14"><span class='ocrx_word' id='word_1_67' title='bbox 1 1104 2 1107; x_wconf 76' lang='grc'>’</span> <span class='ocrx_word' id='word_1_68' title='bbox 96 1113 125 1156; x_wconf 83' lang='lat' dir='ltr'><strong>so</strong></span> <span class='ocrx_word' id='word_1_69' title='bbox 200 1087 402 1171; x_wconf 82' lang='lat' dir='ltr'><strong>Vespasianus</strong></span> <span class='ocrx_word' id='word_1_70' title='bbox 419 1098 503 1170; x_wconf 79' lang='lat' dir='ltr'><strong>natus</strong></span> <span class='ocrx_word' id='word_1_71' title='bbox 517 1099 562 1150; x_wconf 91' lang='lat' dir='ltr'><strong>est</strong></span> <span class='ocrx_word' id='word_1_72' title='bbox 575 1091 604 1150; x_wconf 94' lang='lat' dir='ltr'>in</span> <span class='ocrx_word' id='word_1_73' title='bbox 617 1089 731 1151; x_wconf 86' lang='lat' dir='ltr'><strong>Sabinis</strong></span> <span class='ocrx_word' id='word_1_74' title='bbox 743 1089 816 1152; x_wconf 91' lang='lat' dir='ltr'><strong>ultra</strong></span> <span class='ocrx_word' id='word_1_75' title='bbox 827 1091 921 1152; x_wconf 81' lang='lat' dir='ltr'><strong>Reate</strong></span> <span class='ocrx_word' id='word_1_76' title='bbox 933 1092 1000 1151; x_wconf 85' lang='lat' dir='ltr'><strong>vieo</strong></span> <span class='ocrx_word' id='word_1_77' title='bbox 1013 1089 1139 1165; x_wconf 81' lang='lat' dir='ltr'><strong>modico,</strong></span> <span class='ocrx_word' id='word_1_78' title='bbox 1152 1101 1168 1148; x_wconf 83' lang='lat'><strong>2</strong></span> 
     </span>
    </p>
   </div>
   <div class='ocr_carea' id='block_1_4' title="bbox 98 1173 1179 1591">
    <p class='ocr_par' dir='ltr' id='par_1_9' title="bbox 98 1173 1179 1591">
     <span class='ocr_line' id='line_1_12' title="bbox 136 1173 1139 1254; baseline -0.005 -17"><span class='ocrx_word' id='word_1_79' title='bbox 136 1179 183 1238; x_wconf 89' lang='lat' dir='ltr'><strong>oui</strong></span> <span class='ocrx_word' id='word_1_80' title='bbox 198 1193 305 1236; x_wconf 89' lang='lat' dir='ltr'><strong>nomen</strong></span> <span class='ocrx_word' id='word_1_81' title='bbox 317 1184 362 1236; x_wconf 91' lang='lat' dir='ltr'><strong>est</strong></span> <span class='ocrx_word' id='word_1_82' title='bbox 374 1175 556 1252; x_wconf 83' lang='lat' dir='ltr'><strong>Phalacrine,</strong></span> <span class='ocrx_word' id='word_1_83' title='bbox 571 1173 637 1236; x_wconf 88' lang='lat' dir='ltr'><strong>XV.</strong></span> <span class='ocrx_word' id='word_1_84' title='bbox 650 1174 696 1235; x_wconf 87' lang='lat' dir='ltr'><strong>lll.</strong></span> <span class='ocrx_word' id='word_1_85' title='bbox 709 1174 804 1235; x_wconf 88' lang='lat' dir='ltr'><strong>Deob.</strong></span> <span class='ocrx_word' id='word_1_86' title='bbox 815 1177 946 1254; x_wconf 85' lang='lat' dir='ltr'><strong>vesperi,</strong></span> <span class='ocrx_word' id='word_1_87' title='bbox 960 1175 995 1250; x_wconf 88' lang='lat' dir='ltr'><strong>Q.</strong></span> <span class='ocrx_word' id='word_1_88' title='bbox 1009 1173 1139 1253; x_wconf 83' lang='lat' dir='ltr'><strong>Sulpicio</strong></span> 
     </span>
     <span class='ocr_line' id='line_1_13' title="bbox 138 1257 1140 1338; baseline -0.005 -16"><span class='ocrx_word' id='word_1_89' title='bbox 138 1261 307 1337; x_wconf 81' lang='lat' dir='ltr'><strong>Camerino,</strong></span> <span class='ocrx_word' id='word_1_90' title='bbox 326 1258 360 1320; x_wconf 81' lang='lat' dir='ltr'><strong>G.</strong></span> <span class='ocrx_word' id='word_1_91' title='bbox 376 1260 519 1338; x_wconf 89' lang='lat' dir='ltr'><strong>Poppaeo</strong></span> <span class='ocrx_word' id='word_1_92' title='bbox 537 1257 645 1319; x_wconf 90' lang='lat' dir='ltr'><strong>Sabino</strong></span> <span class='ocrx_word' id='word_1_93' title='bbox 663 1277 745 1320; x_wconf 86' lang='lat' dir='ltr'><strong>cons.</strong></span> <span class='ocrx_word' id='word_1_94' title='bbox 763 1260 958 1338; x_wconf 84' lang='lat' dir='ltr'><strong>quinquennio</strong></span> <span class='ocrx_word' id='word_1_95' title='bbox 972 1267 1039 1318; x_wconf 90' lang='lat' dir='ltr'><strong>ante</strong></span> <span class='ocrx_word' id='word_1_96' title='bbox 1055 1276 1140 1337; x_wconf 85' lang='lat' dir='ltr'><strong>quam</strong></span> 
     </span>
     <span class='ocr_line' id='line_1_14' title="bbox 137 1336 1179 1433; baseline -0.006 -27"><span class='ocrx_word' id='word_1_97' title='bbox 137 1345 288 1424; x_wconf 82' lang='lat' dir='ltr'><strong>Augustus</strong></span> <span class='ocrx_word' id='word_1_98' title='bbox 305 1343 481 1413; x_wconf 66' lang='lat' dir='ltr'><strong>assederam</strong></span> <span class='ocrx_word' id='word_1_99' title='bbox 505 1342 645 1404; x_wconf 76' lang='lat' dir='ltr'><strong>educatus</strong></span> <span class='ocrx_word' id='word_1_100' title='bbox 666 1343 718 1404; x_wconf 88' lang='lat' dir='ltr'><strong>sub</strong></span> <span class='ocrx_word' id='word_1_101' title='bbox 737 1351 858 1422; x_wconf 89' lang='lat' dir='ltr'><strong>patema</strong></span> <span class='ocrx_word' id='word_1_102' title='bbox 879 1345 944 1404; x_wconf 87' lang='lat' dir='ltr'><strong>avia</strong></span> <span class='ocrx_word' id='word_1_103' title='bbox 962 1341 1091 1403; x_wconf 85' lang='lat' dir='ltr'><strong>Tertulla</strong></span> <span class='ocrx_word' id='word_1_104' title='bbox 1112 1343 1141 1401; x_wconf 90' lang='lat' dir='ltr'>in</span> <span class='ocrx_word' id='word_1_105' title='bbox 1164 1336 1179 1433; x_wconf 74' lang='grc' dir='ltr'>Ῐ</span> 
     </span>
     <span class='ocr_line' id='line_1_15' title="bbox 139 1427 1139 1508; baseline -0.004 -18"><span class='ocrx_word' id='word_1_106' title='bbox 139 1430 267 1508; x_wconf 90' lang='lat' dir='ltr'><strong>praediis</strong></span> <span class='ocrx_word' id='word_1_107' title='bbox 286 1427 420 1490; x_wconf 85' lang='lat' dir='ltr'><strong>Cosanis.</strong></span> <span class='ocrx_word' id='word_1_108' title='bbox 454 1428 551 1503; x_wconf 88' lang='lat' dir='ltr'><strong>Quare</strong></span> <span class='ocrx_word' id='word_1_109' title='bbox 568 1429 709 1507; x_wconf 84' lang='lat' dir='ltr'><strong>princeps</strong></span> <span class='ocrx_word' id='word_1_110' title='bbox 725 1445 842 1508; x_wconf 88' lang='lat' dir='ltr'><strong>quoque</strong></span> <span class='ocrx_word' id='word_1_111' title='bbox 859 1437 890 1488; x_wconf 89' lang='lat' dir='ltr'><strong>et</strong></span> <span class='ocrx_word' id='word_1_112' title='bbox 910 1427 1006 1487; x_wconf 88' lang='lat' dir='ltr'><strong>loeum</strong></span> <span class='ocrx_word' id='word_1_113' title='bbox 1023 1427 1139 1486; x_wconf 84' lang='lat' dir='ltr'><strong>incuna-</strong></span> 
     </span>
     <span class='ocr_line' id='line_1_16' title="bbox 98 1510 1141 1591; baseline -0.007 -16"><span class='ocrx_word' id='word_1_114' title='bbox 98 1514 271 1576; x_wconf 79' lang='lat' dir='ltr'><strong>mbulorum</strong></span> <span class='ocrx_word' id='word_1_115' title='bbox 294 1512 410 1573; x_wconf 90' lang='lat' dir='ltr'><strong>assidue</strong></span> <span class='ocrx_word' id='word_1_116' title='bbox 431 1513 644 1591; x_wconf 84' lang='lat' dir='ltr'><strong>frequentavit,</strong></span> <span class='ocrx_word' id='word_1_117' title='bbox 673 1511 896 1572; x_wconf 86' lang='lat' dir='ltr'><strong>manenteuilla</strong></span> <span class='ocrx_word' id='word_1_118' title='bbox 925 1511 1019 1590; x_wconf 86' lang='lat' dir='ltr'><strong>qualis</strong></span> <span class='ocrx_word' id='word_1_119' title='bbox 1046 1510 1141 1570; x_wconf 89' lang='lat' dir='ltr'><strong>iuerat</strong></span> 
     </span>
    </p>
   </div>
   <div class='ocr_carea' id='block_1_5' title="bbox 41 1595 1141 1676">
    <p class='ocr_par' dir='ltr' id='par_1_10' title="bbox 41 1595 1141 1676">
     <span class='ocr_line' id='line_1_17' title="bbox 41 1595 1141 1676; baseline -0.001 -22"><span class='ocrx_word' id='word_1_120' title='bbox 41 1649 44 1654; x_wconf 87' lang='lat'><em>.</em></span> <span class='ocrx_word' id='word_1_121' title='bbox 138 1599 224 1675; x_wconf 86' lang='lat' dir='ltr'><strong>olim,</strong></span> <span class='ocrx_word' id='word_1_122' title='bbox 247 1597 369 1676; x_wconf 89' lang='lat' dir='ltr'><strong>nequid</strong></span> <span class='ocrx_word' id='word_1_123' title='bbox 392 1596 507 1656; x_wconf 86' lang='lat' dir='ltr'><strong>seilicet</strong></span> <span class='ocrx_word' id='word_1_124' title='bbox 530 1595 681 1656; x_wconf 85' lang='lat' dir='ltr'><strong>oculorum</strong></span> <span class='ocrx_word' id='word_1_125' title='bbox 703 1595 903 1657; x_wconf 81' lang='lat' dir='ltr'><strong>consuetudini</strong></span> <span class='ocrx_word' id='word_1_126' title='bbox 927 1595 1090 1674; x_wconf 79' lang='lat' dir='ltr'><strong>deperiret:</strong></span> <span class='ocrx_word' id='word_1_127' title='bbox 1112 1597 1141 1654; x_wconf 83' lang='lat' dir='ltr'><strong>et</strong></span> 
     </span>
    </p>
   </div>
   <div class='ocr_carea' id='block_1_6' title="bbox 94 1679 1141 2773">
    <p class='ocr_par' dir='ltr' id='par_1_11' title="bbox 94 1679 1141 2773">
     <span class='ocr_line' id='line_1_18' title="bbox 136 1679 1140 1759; baseline -0.007 -15"><span class='ocrx_word' id='word_1_128' title='bbox 136 1685 219 1744; x_wconf 85' lang='lat' dir='ltr'><strong>aviae</strong></span> <span class='ocrx_word' id='word_1_129' title='bbox 236 1683 405 1742; x_wconf 89' lang='lat' dir='ltr'><strong>memoriam</strong></span> <span class='ocrx_word' id='word_1_130' title='bbox 422 1689 502 1740; x_wconf 91' lang='lat' dir='ltr'><strong>tanto</strong></span> <span class='ocrx_word' id='word_1_131' title='bbox 521 1697 614 1759; x_wconf 89' lang='lat' dir='ltr'><strong>opere</strong></span> <span class='ocrx_word' id='word_1_132' title='bbox 630 1680 747 1757; x_wconf 86' lang='lat' dir='ltr'><strong>dilexit,</strong></span> <span class='ocrx_word' id='word_1_133' title='bbox 766 1689 796 1740; x_wconf 93' lang='lat' dir='ltr'><strong>ut</strong></span> <span class='ocrx_word' id='word_1_134' title='bbox 811 1679 1001 1740; x_wconf 88' lang='lat' dir='ltr'><strong>sollemnibus</strong></span> <span class='ocrx_word' id='word_1_135' title='bbox 1013 1679 1140 1738; x_wconf 86' lang='lat' dir='ltr'><strong>aelestis</strong></span> 
     </span>
     <span class='ocr_line' id='line_1_19' title="bbox 136 1764 1139 1845; baseline -0.001 -17"><span class='ocrx_word' id='word_1_136' title='bbox 136 1766 240 1828; x_wconf 88' lang='lat' dir='ltr'><strong>diebus</strong></span> <span class='ocrx_word' id='word_1_137' title='bbox 256 1766 368 1845; x_wconf 89' lang='lat' dir='ltr'><strong>pooillo</strong></span> <span class='ocrx_word' id='word_1_138' title='bbox 385 1782 503 1845; x_wconf 86' lang='lat' dir='ltr'><strong>qnoque</strong></span> <span class='ocrx_word' id='word_1_139' title='bbox 520 1766 583 1824; x_wconf 87' lang='lat' dir='ltr'><strong>eius</strong></span> <span class='ocrx_word' id='word_1_140' title='bbox 606 1764 749 1842; x_wconf 84' lang='lat' dir='ltr'><strong>argenteo</strong></span> <span class='ocrx_word' id='word_1_141' title='bbox 771 1773 875 1844; x_wconf 89' lang='lat' dir='ltr'><strong>potare</strong></span> <span class='ocrx_word' id='word_1_142' title='bbox 893 1764 1139 1843; x_wconf 83' lang='lat' dir='ltr'><strong>perseveraverit.</strong></span> 
     </span>
     <span class='ocr_line' id='line_1_20' title="bbox 196 1847 1140 1930; baseline -0.005 -19"><span class='ocrx_word' id='word_1_143' title='bbox 196 1851 316 1930; x_wconf 85' lang='lat' dir='ltr'><strong>Sumpta</strong></span> <span class='ocrx_word' id='word_1_144' title='bbox 325 1849 401 1910; x_wconf 89' lang='lat' dir='ltr'>virili</span> <span class='ocrx_word' id='word_1_145' title='bbox 413 1859 494 1927; x_wconf 86' lang='lat' dir='ltr'><strong>toga,</strong></span> <span class='ocrx_word' id='word_1_146' title='bbox 507 1849 595 1909; x_wconf 90' lang='lat' dir='ltr'><strong>latum</strong></span> <span class='ocrx_word' id='word_1_147' title='bbox 608 1849 731 1926; x_wconf 86' lang='lat' dir='ltr'><strong>olavum,</strong></span> <span class='ocrx_word' id='word_1_148' title='bbox 746 1867 916 1928; x_wconf 88' lang='lat' dir='ltr'><strong>quamquam</strong></span> <span class='ocrx_word' id='word_1_149' title='bbox 924 1849 1014 1908; x_wconf 87' lang='lat' dir='ltr'><strong>iratre</strong></span> <span class='ocrx_word' id='word_1_150' title='bbox 1023 1847 1140 1926; x_wconf 80' lang='lat' dir='ltr'><strong>adepto,</strong></span> 
     </span>
     <span class='ocr_line' id='line_1_21' title="bbox 94 1931 1140 2012; baseline -0.006 -16"><span class='ocrx_word' id='word_1_151' title='bbox 94 1937 183 1998; x_wconf 82' lang='lat' dir='ltr'><strong>audio</strong></span> <span class='ocrx_word' id='word_1_152' title='bbox 199 1944 353 1996; x_wconf 87' lang='lat' dir='ltr'><strong>aversatus</strong></span> <span class='ocrx_word' id='word_1_153' title='bbox 369 1943 424 2011; x_wconf 79' lang='lat' dir='ltr'><strong>est,</strong></span> <span class='ocrx_word' id='word_1_154' title='bbox 441 1951 497 1993; x_wconf 86' lang='lat' dir='ltr'><strong>neo</strong></span> <span class='ocrx_word' id='word_1_155' title='bbox 519 1943 548 1993; x_wconf 91' lang='lat' dir='ltr'><strong>ut</strong></span> <span class='ocrx_word' id='word_1_156' title='bbox 568 1934 685 1994; x_wconf 87' lang='lat' dir='ltr'><strong>tandem</strong></span> <span class='ocrx_word' id='word_1_157' title='bbox 706 1941 862 2012; x_wconf 89' lang='lat' dir='ltr'><strong>appeteret</strong></span> <span class='ocrx_word' id='word_1_158' title='bbox 892 1931 1032 2010; x_wconf 88' lang='lat' dir='ltr'><strong>compelli</strong></span> <span class='ocrx_word' id='word_1_159' title='bbox 1052 1932 1140 1990; x_wconf 91' lang='lat' dir='ltr'><strong>nisia</strong></span> 
     </span>
     <span class='ocr_line' id='line_1_22' title="bbox 134 2017 1140 2098; baseline -0.006 -18"><span class='ocrx_word' id='word_1_160' title='bbox 134 2030 227 2082; x_wconf 89' lang='lat' dir='ltr'><strong>matre</strong></span> <span class='ocrx_word' id='word_1_161' title='bbox 248 2021 350 2098; x_wconf 88' lang='lat' dir='ltr'><strong>potuit.</strong></span> <span class='ocrx_word' id='word_1_162' title='bbox 379 2017 422 2079; x_wconf 78' lang='lat' dir='ltr'><strong>lla</strong></span> <span class='ocrx_word' id='word_1_163' title='bbox 438 2017 551 2078; x_wconf 88' lang='lat' dir='ltr'><strong>demum</strong></span> <span class='ocrx_word' id='word_1_164' title='bbox 570 2017 682 2078; x_wconf 85' lang='lat' dir='ltr'><strong>extudit</strong></span> <span class='ocrx_word' id='word_1_165' title='bbox 709 2019 802 2094; x_wconf 80' lang='lat' dir='ltr'><strong>magis</strong></span> <span class='ocrx_word' id='word_1_166' title='bbox 822 2018 958 2078; x_wconf 84' lang='lat' dir='ltr'><strong>eonvieio</strong></span> <span class='ocrx_word' id='word_1_167' title='bbox 974 2034 1057 2095; x_wconf 88' lang='lat' dir='ltr'><strong>quam</strong></span> <span class='ocrx_word' id='word_1_168' title='bbox 1075 2033 1140 2094; x_wconf 91' lang='lat' dir='ltr'><strong>pre-</strong></span> 
     </span>
     <span class='ocr_line' id='line_1_23' title="bbox 136 2099 1139 2180; baseline -0.008 -14"><span class='ocrx_word' id='word_1_169' title='bbox 136 2105 219 2166; x_wconf 86' lang='lat' dir='ltr'><strong>cibus</strong></span> <span class='ocrx_word' id='word_1_170' title='bbox 235 2103 284 2164; x_wconf 86' lang='lat' dir='ltr'><strong>uel</strong></span> <span class='ocrx_word' id='word_1_171' title='bbox 299 2105 490 2179; x_wconf 78' lang='lat' dir='ltr'><strong>auctoritate,</strong></span> <span class='ocrx_word' id='word_1_172' title='bbox 510 2102 575 2162; x_wconf 92' lang='lat' dir='ltr'><strong>dum</strong></span> <span class='ocrx_word' id='word_1_173' title='bbox 598 2121 662 2162; x_wconf 92' lang='lat' dir='ltr'><strong>eum</strong></span> <span class='ocrx_word' id='word_1_174' title='bbox 685 2101 840 2162; x_wconf 88' lang='lat' dir='ltr'><strong>identidem</strong></span> <span class='ocrx_word' id='word_1_175' title='bbox 865 2120 919 2180; x_wconf 92' lang='lat' dir='ltr'><strong>per</strong></span> <span class='ocrx_word' id='word_1_176' title='bbox 940 2099 1139 2166; x_wconf 84' lang='lat' dir='ltr'><strong>contumeliam</strong></span> 
     </span>
     <span class='ocr_line' id='line_1_24' title="bbox 137 2186 662 2267; baseline -0.013 -16"><span class='ocrx_word' id='word_1_177' title='bbox 137 2188 391 2251; x_wconf 86' lang='lat' dir='ltr'><strong>anteambulonem</strong></span> <span class='ocrx_word' id='word_1_178' title='bbox 406 2187 503 2248; x_wconf 80' lang='lat' dir='ltr'><strong>fratris</strong></span> <span class='ocrx_word' id='word_1_179' title='bbox 520 2186 662 2267; x_wconf 91' lang='lat' dir='ltr'><strong>appellat.</strong></span> 
     </span>
     <span class='ocr_line' id='line_1_25' title="bbox 205 2267 1141 2349; baseline -0.007 -16"><span class='ocrx_word' id='word_1_180' title='bbox 205 2271 391 2333; x_wconf 81' lang='lat' dir='ltr'><strong>Tribunatum</strong></span> <span class='ocrx_word' id='word_1_181' title='bbox 407 2271 527 2332; x_wconf 89' lang='lat' dir='ltr'><strong>militum</strong></span> <span class='ocrx_word' id='word_1_182' title='bbox 543 2273 571 2330; x_wconf 95' lang='lat' dir='ltr'>in</span> <span class='ocrx_word' id='word_1_183' title='bbox 588 2270 711 2332; x_wconf 82' lang='lat' dir='ltr'><strong>l&#39;hraoia</strong></span> <span class='ocrx_word' id='word_1_184' title='bbox 728 2273 846 2340; x_wconf 92' lang='lat' dir='ltr'><strong>meruit;</strong></span> <span class='ocrx_word' id='word_1_185' title='bbox 870 2279 1008 2349; x_wconf 86' lang='lat' dir='ltr'><strong>quaestor</strong></span> <span class='ocrx_word' id='word_1_186' title='bbox 1027 2267 1141 2330; x_wconf 81' lang='lat' dir='ltr'><strong>Cretam</strong></span> 
     </span>
     <span class='ocr_line' id='line_1_26' title="bbox 98 2355 1140 2436; baseline -0.005 -19"><span class='ocrx_word' id='word_1_187' title='bbox 98 2376 126 2417; x_wconf 84' lang='lat' dir='ltr'><strong>ns</strong></span> <span class='ocrx_word' id='word_1_188' title='bbox 137 2367 166 2420; x_wconf 88' lang='lat' dir='ltr'><strong>et</strong></span> <span class='ocrx_word' id='word_1_189' title='bbox 182 2356 313 2432; x_wconf 76' lang='lat' dir='ltr'><strong>Cyrenas</strong></span> <span class='ocrx_word' id='word_1_190' title='bbox 334 2357 514 2434; x_wconf 80' lang='lat' dir='ltr'><strong>provinciam</strong></span> <span class='ocrx_word' id='word_1_191' title='bbox 530 2365 610 2416; x_wconf 87' lang='lat' dir='ltr'><strong>sorte</strong></span> <span class='ocrx_word' id='word_1_192' title='bbox 628 2358 722 2436; x_wconf 85' lang='lat' dir='ltr'><strong>oepit;</strong></span> <span class='ocrx_word' id='word_1_193' title='bbox 748 2355 903 2416; x_wconf 89' lang='lat' dir='ltr'><strong>aedilitatis</strong></span> <span class='ocrx_word' id='word_1_194' title='bbox 923 2372 958 2413; x_wconf 90' lang='lat' dir='ltr'><strong>ao</strong></span> <span class='ocrx_word' id='word_1_195' title='bbox 974 2369 1042 2414; x_wconf 85' lang='lat' dir='ltr'><strong>mox</strong></span> <span class='ocrx_word' id='word_1_196' title='bbox 1057 2371 1140 2432; x_wconf 91' lang='lat' dir='ltr'><strong>prae-</strong></span> 
     </span>
     <span class='ocr_line' id='line_1_27' title="bbox 135 2438 1140 2518; baseline -0.008 -15"><span class='ocrx_word' id='word_1_197' title='bbox 135 2452 219 2504; x_wconf 85' lang='lat' dir='ltr'><strong>turae</strong></span> <span class='ocrx_word' id='word_1_198' title='bbox 239 2441 419 2518; x_wconf 83' lang='lat' dir='ltr'><strong>candidatus,</strong></span> <span class='ocrx_word' id='word_1_199' title='bbox 436 2440 515 2500; x_wconf 92' lang='lat' dir='ltr'><strong>illam</strong></span> <span class='ocrx_word' id='word_1_200' title='bbox 531 2457 589 2500; x_wconf 95' lang='lat' dir='ltr'><strong>non</strong></span> <span class='ocrx_word' id='word_1_201' title='bbox 613 2443 673 2501; x_wconf 89' lang='lat' dir='ltr'><strong>sine</strong></span> <span class='ocrx_word' id='word_1_202' title='bbox 695 2439 815 2518; x_wconf 91' lang='lat' dir='ltr'><strong>repulsa</strong></span> <span class='ocrx_word' id='word_1_203' title='bbox 838 2447 982 2516; x_wconf 84' lang='lat' dir='ltr'><strong>sextoque</strong></span> <span class='ocrx_word' id='word_1_204' title='bbox 1004 2440 1054 2497; x_wconf 84' lang='lat' dir='ltr'><strong>uix</strong></span> <span class='ocrx_word' id='word_1_205' title='bbox 1075 2438 1140 2496; x_wconf 91' lang='lat' dir='ltr'><strong>ade·</strong></span> 
     </span>
     <span class='ocr_line' id='line_1_28' title="bbox 138 2522 1140 2606; baseline -0.009 -19"><span class='ocrx_word' id='word_1_206' title='bbox 138 2536 204 2606; x_wconf 88' lang='lat' dir='ltr'><strong>ptus</strong></span> <span class='ocrx_word' id='word_1_207' title='bbox 220 2535 265 2586; x_wconf 90' lang='lat' dir='ltr'><strong>est</strong></span> <span class='ocrx_word' id='word_1_208' title='bbox 280 2525 361 2602; x_wconf 83' lang='lat' dir='ltr'><strong>loeo,</strong></span> <span class='ocrx_word' id='word_1_209' title='bbox 377 2525 453 2600; x_wconf 87' lang='lat' dir='ltr'><strong>hane</strong></span> <span class='ocrx_word' id='word_1_210' title='bbox 471 2526 563 2604; x_wconf 92' lang='lat' dir='ltr'><strong>prima</strong></span> <span class='ocrx_word' id='word_1_211' title='bbox 580 2524 675 2585; x_wconf 91' lang='lat' dir='ltr'><strong>statim</strong></span> <span class='ocrx_word' id='word_1_212' title='bbox 688 2525 829 2604; x_wconf 88' lang='lat' dir='ltr'><strong>petitione</strong></span> <span class='ocrx_word' id='word_1_213' title='bbox 842 2523 911 2581; x_wconf 93' lang='lat' dir='ltr'><strong>etin</strong></span> <span class='ocrx_word' id='word_1_214' title='bbox 923 2522 1040 2600; x_wconf 91' lang='lat' dir='ltr'><strong>primis;</strong></span> <span class='ocrx_word' id='word_1_215' title='bbox 1057 2538 1140 2599; x_wconf 89' lang='lat' dir='ltr'><strong>prae·</strong></span> 
     </span>
     <span class='ocr_line' id='line_1_29' title="bbox 135 2604 1139 2687; baseline -0.009 -15"><span class='ocrx_word' id='word_1_216' title='bbox 135 2620 183 2672; x_wconf 84' lang='lat' dir='ltr'><strong>tor</strong></span> <span class='ocrx_word' id='word_1_217' title='bbox 197 2611 341 2670; x_wconf 82' lang='lat' dir='ltr'><strong>infensum</strong></span> <span class='ocrx_word' id='word_1_218' title='bbox 358 2610 469 2670; x_wconf 87' lang='lat' dir='ltr'><strong>senatui</strong></span> <span class='ocrx_word' id='word_1_219' title='bbox 489 2608 590 2670; x_wconf 82' lang='lat' dir='ltr'><strong>Gaium</strong></span> <span class='ocrx_word' id='word_1_220' title='bbox 603 2608 641 2668; x_wconf 88' lang='lat' dir='ltr'><strong>ire</strong></span> <span class='ocrx_word' id='word_1_221' title='bbox 660 2625 719 2687; x_wconf 88' lang='lat' dir='ltr'><strong>quo</strong></span> <span class='ocrx_word' id='word_1_222' title='bbox 738 2625 796 2668; x_wconf 95' lang='lat' dir='ltr'><strong>non</strong></span> <span class='ocrx_word' id='word_1_223' title='bbox 807 2624 920 2685; x_wconf 84' lang='lat' dir='ltr'><strong>genere</strong></span> <span class='ocrx_word' id='word_1_224' title='bbox 931 2604 1139 2681; x_wconf 82' lang='lat' dir='ltr'><strong>demereretur,</strong></span> 
     </span>
     <span class='ocr_line' id='line_1_30' title="bbox 136 2689 1140 2773; baseline -0.008 -17"><span class='ocrx_word' id='word_1_225' title='bbox 136 2695 220 2756; x_wconf 92' lang='lat' dir='ltr'><strong>ludos</strong></span> <span class='ocrx_word' id='word_1_226' title='bbox 237 2695 486 2755; x_wconf 84' lang='lat' dir='ltr'><strong>extraordinarios</strong></span> <span class='ocrx_word' id='word_1_227' title='bbox 509 2710 562 2773; x_wconf 94' lang='lat' dir='ltr'><strong>pro</strong></span> <span class='ocrx_word' id='word_1_228' title='bbox 584 2693 707 2753; x_wconf 85' lang='lat' dir='ltr'><strong>viatoria</strong></span> <span class='ocrx_word' id='word_1_229' title='bbox 732 2692 794 2751; x_wconf 90' lang='lat' dir='ltr'><strong>eius</strong></span> <span class='ocrx_word' id='word_1_230' title='bbox 817 2689 988 2751; x_wconf 83' lang='lat' dir='ltr'><strong>Germanica</strong></span> <span class='ocrx_word' id='word_1_231' title='bbox 1009 2689 1140 2768; x_wconf 89' lang='lat' dir='ltr'><strong>depopo-</strong></span> 
     </span>
    </p>
   </div>
   <div class='ocr_carea' id='block_1_7' title="bbox 1 2773 1141 2859">
    <p class='ocr_par' dir='ltr' id='par_1_12' title="bbox 1 2773 1141 2859">
     <span class='ocr_line' id='line_1_31' title="bbox 1 2773 1141 2859; baseline -0.008 -20"><span class='ocrx_word' id='word_1_232' title='bbox 1 2819 2 2856; x_wconf 43' lang='grc' dir='ltr'>ι</span> <span class='ocrx_word' id='word_1_233' title='bbox 96 2783 201 2856; x_wconf 84' lang='lat' dir='ltr'><strong>aosoit,</strong></span> <span class='ocrx_word' id='word_1_234' title='bbox 218 2797 391 2859; x_wconf 86' lang='lat' dir='ltr'><strong>poenaeque</strong></span> <span class='ocrx_word' id='word_1_235' title='bbox 413 2779 628 2838; x_wconf 84' lang='lat' dir='ltr'><strong>coniuratorum</strong></span> <span class='ocrx_word' id='word_1_236' title='bbox 645 2775 806 2836; x_wconf 90' lang='lat' dir='ltr'><strong>addendum</strong></span> <span class='ocrx_word' id='word_1_237' title='bbox 823 2775 935 2834; x_wconf 82' lang='lat' dir='ltr'><strong>censuit</strong></span> <span class='ocrx_word' id='word_1_238' title='bbox 953 2782 983 2833; x_wconf 87' lang='lat' dir='ltr'><strong>ui</strong></span> <span class='ocrx_word' id='word_1_239' title='bbox 1004 2773 1141 2853; x_wconf 89' lang='lat' dir='ltr'><strong>insepulti</strong></span> 
     </span>
    </p>
   </div>
   <div class='ocr_carea' id='block_1_8' title="bbox 100 2857 1171 3598">
    <p class='ocr_par' dir='ltr' id='par_1_13' title="bbox 136 2857 1140 3030">
     <span class='ocr_line' id='line_1_32' title="bbox 137 2857 1140 2944; baseline -0.01 -19"><span class='ocrx_word' id='word_1_240' title='bbox 137 2866 351 2944; x_wconf 84' lang='lat' dir='ltr'><strong>proicerentur.</strong></span> <span class='ocrx_word' id='word_1_241' title='bbox 381 2861 451 2940; x_wconf 81' lang='lat' dir='ltr'><strong>Egit</strong></span> <span class='ocrx_word' id='word_1_242' title='bbox 467 2871 495 2922; x_wconf 91' lang='lat' dir='ltr'><strong>et</strong></span> <span class='ocrx_word' id='word_1_243' title='bbox 514 2865 624 2939; x_wconf 84' lang='lat' dir='ltr'><strong>gratias</strong></span> <span class='ocrx_word' id='word_1_244' title='bbox 643 2863 670 2922; x_wconf 88' lang='lat' dir='ltr'><strong>ei</strong></span> <span class='ocrx_word' id='word_1_245' title='bbox 686 2861 763 2940; x_wconf 93' lang='lat' dir='ltr'><strong>apud</strong></span> <span class='ocrx_word' id='word_1_246' title='bbox 780 2859 985 2938; x_wconf 92' lang='lat' dir='ltr'><strong>amplissimum</strong></span> <span class='ocrx_word' id='word_1_247' title='bbox 999 2857 1140 2933; x_wconf 79' lang='lat' dir='ltr'><strong>ordinem,</strong></span> 
     </span>
     <span class='ocr_line' id='line_1_33' title="bbox 136 2946 783 3030; baseline -0.008 -22"><span class='ocrx_word' id='word_1_248' title='bbox 136 2948 215 3030; x_wconf 81' lang='lat' dir='ltr'><strong>qnod</strong></span> <span class='ocrx_word' id='word_1_249' title='bbox 232 2965 264 3007; x_wconf 90' lang='lat' dir='ltr'><strong>se</strong></span> <span class='ocrx_word' id='word_1_250' title='bbox 281 2946 395 3008; x_wconf 91' lang='lat' dir='ltr'><strong>bonore</strong></span> <span class='ocrx_word' id='word_1_251' title='bbox 412 2964 522 3028; x_wconf 64' lang='lat' dir='ltr'><strong>papulae</strong></span> <span class='ocrx_word' id='word_1_252' title='bbox 539 2946 675 3024; x_wconf 84' lang='lat' dir='ltr'><strong>dignatus</strong></span> <span class='ocrx_word' id='word_1_253' title='bbox 693 2954 783 3005; x_wconf 89' lang='lat' dir='ltr'><strong>esset.</strong></span> 
     </span>
    </p>

    <p class='ocr_par' dir='ltr' id='par_1_14' title="bbox 136 3023 1171 3197">
     <span class='ocr_line' id='line_1_34' title="bbox 197 3023 1171 3104; baseline -0.007 -12"><span class='ocrx_word' id='word_1_254' title='bbox 197 3033 278 3092; x_wconf 89' lang='lat' dir='ltr'><strong>lnter</strong></span> <span class='ocrx_word' id='word_1_255' title='bbox 294 3031 369 3091; x_wconf 86' lang='lat' dir='ltr'><strong>baec</strong></span> <span class='ocrx_word' id='word_1_256' title='bbox 383 3026 515 3092; x_wconf 83' lang='lat' dir='ltr'><strong>Flauiam</strong></span> <span class='ocrx_word' id='word_1_257' title='bbox 532 3029 710 3090; x_wconf 88' lang='lat' dir='ltr'><strong>Domitillam</strong></span> <span class='ocrx_word' id='word_1_258' title='bbox 725 3030 806 3090; x_wconf 85' lang='lat' dir='ltr'><strong>duxit</strong></span> <span class='ocrx_word' id='word_1_259' title='bbox 823 3045 955 3104; x_wconf 81' lang='lat' dir='ltr'><strong>uxorem,</strong></span> <span class='ocrx_word' id='word_1_260' title='bbox 975 3025 1067 3087; x_wconf 89' lang='lat' dir='ltr'><strong>Statili</strong></span> <span class='ocrx_word' id='word_1_261' title='bbox 1087 3023 1171 3086; x_wconf 72' lang='lat' dir='ltr'><strong>(la-3</strong></span> 
     </span>
     <span class='ocr_line' id='line_1_35' title="bbox 136 3109 1140 3197; baseline -0.008 -21"><span class='ocrx_word' id='word_1_262' title='bbox 136 3116 234 3197; x_wconf 91' lang='lat' dir='ltr'><strong>pellae</strong></span> <span class='ocrx_word' id='word_1_263' title='bbox 251 3116 357 3195; x_wconf 84' lang='lat' dir='ltr'><strong>equitis</strong></span> <span class='ocrx_word' id='word_1_264' title='bbox 375 3117 411 3177; x_wconf 85' lang='lat' dir='ltr'><strong>lt.</strong></span> <span class='ocrx_word' id='word_1_265' title='bbox 429 3114 616 3176; x_wconf 88' lang='lat' dir='ltr'><strong>Sabratensis</strong></span> <span class='ocrx_word' id='word_1_266' title='bbox 633 3132 671 3174; x_wconf 87' lang='lat' dir='ltr'><strong>ex</strong></span> <span class='ocrx_word' id='word_1_267' title='bbox 685 3115 787 3174; x_wconf 81' lang='lat' dir='ltr'><strong>Airita</strong></span> <span class='ocrx_word' id='word_1_268' title='bbox 804 3113 955 3174; x_wconf 80' lang='lat' dir='ltr'><strong>delibatam</strong></span> <span class='ocrx_word' id='word_1_269' title='bbox 981 3111 1048 3171; x_wconf 93' lang='lat' dir='ltr'><strong>olim</strong></span> <span class='ocrx_word' id='word_1_270' title='bbox 1067 3109 1140 3170; x_wconf 84' lang='lat' dir='ltr'><strong>Lati·</strong></span> 
     </span>
    </p>

    <p class='ocr_par' dir='ltr' id='par_1_15' title="bbox 100 3194 1141 3280">
     <span class='ocr_line' id='line_1_36' title="bbox 100 3194 1141 3280; baseline -0.009 -20"><span class='ocrx_word' id='word_1_271' title='bbox 100 3217 249 3280; x_wconf 85' lang='lat' dir='ltr'><strong>asnaeqne</strong></span> <span class='ocrx_word' id='word_1_272' title='bbox 265 3199 458 3276; x_wconf 77' lang='lat' dir='ltr'><strong>condicionis,</strong></span> <span class='ocrx_word' id='word_1_273' title='bbox 477 3197 529 3258; x_wconf 91' lang='lat' dir='ltr'><strong>sed</strong></span> <span class='ocrx_word' id='word_1_274' title='bbox 545 3216 615 3259; x_wconf 84' lang='lat' dir='ltr'><strong>mou</strong></span> <span class='ocrx_word' id='word_1_275' title='bbox 633 3199 789 3277; x_wconf 85' lang='lat' dir='ltr'><strong>ingenuam</strong></span> <span class='ocrx_word' id='word_1_276' title='bbox 805 3207 834 3258; x_wconf 90' lang='lat' dir='ltr'><strong>et</strong></span> <span class='ocrx_word' id='word_1_277' title='bbox 850 3199 944 3258; x_wconf 83' lang='lat' dir='ltr'><strong>oiuem</strong></span> <span class='ocrx_word' id='word_1_278' title='bbox 958 3197 1043 3256; x_wconf 87' lang='lat' dir='ltr'><strong>Rom.</strong></span> <span class='ocrx_word' id='word_1_279' title='bbox 1067 3194 1141 3253; x_wconf 88' lang='lat' dir='ltr'><strong>reei-</strong></span> 
     </span>
    </p>

    <p class='ocr_par' dir='ltr' id='par_1_16' title="bbox 135 3277 1142 3514">
     <span class='ocr_line' id='line_1_37' title="bbox 135 3277 1140 3365; baseline -0.011 -19"><span class='ocrx_word' id='word_1_280' title='bbox 135 3287 286 3365; x_wconf 89' lang='lat' dir='ltr'><strong>peratorio</strong></span> <span class='ocrx_word' id='word_1_281' title='bbox 302 3284 410 3346; x_wconf 87' lang='lat' dir='ltr'><strong>iudieio</strong></span> <span class='ocrx_word' id='word_1_282' title='bbox 427 3285 649 3363; x_wconf 86' lang='lat' dir='ltr'><strong>pronuntiatam,</strong></span> <span class='ocrx_word' id='word_1_283' title='bbox 667 3293 749 3362; x_wconf 87' lang='lat' dir='ltr'><strong>patre</strong></span> <span class='ocrx_word' id='word_1_284' title='bbox 768 3289 918 3343; x_wconf 87' lang='lat' dir='ltr'><strong>asserente</strong></span> <span class='ocrx_word' id='word_1_285' title='bbox 936 3277 1038 3340; x_wconf 84' lang='lat' dir='ltr'><strong>Flavio</strong></span> <span class='ocrx_word' id='word_1_286' title='bbox 1057 3277 1140 3338; x_wconf 90' lang='lat' dir='ltr'><strong>Libe-</strong></span> 
     </span>
     <span class='ocr_line' id='line_1_38' title="bbox 135 3362 1142 3448; baseline -0.008 -20"><span class='ocrx_word' id='word_1_287' title='bbox 135 3369 197 3430; x_wconf 91' lang='lat' dir='ltr'><strong>rale</strong></span> <span class='ocrx_word' id='word_1_288' title='bbox 215 3368 334 3428; x_wconf 85' lang='lat' dir='ltr'><strong>Ferenti</strong></span> <span class='ocrx_word' id='word_1_289' title='bbox 349 3369 450 3446; x_wconf 82' lang='lat' dir='ltr'><strong>genito</strong></span> <span class='ocrx_word' id='word_1_290' title='bbox 466 3386 523 3428; x_wconf 88' lang='lat' dir='ltr'><strong>neo</strong></span> <span class='ocrx_word' id='word_1_291' title='bbox 541 3369 696 3448; x_wconf 87' lang='lat' dir='ltr'><strong>quicquam</strong></span> <span class='ocrx_word' id='word_1_292' title='bbox 721 3366 843 3446; x_wconf 92' lang='lat' dir='ltr'><strong>amplius</strong></span> <span class='ocrx_word' id='word_1_293' title='bbox 867 3382 951 3444; x_wconf 88' lang='lat' dir='ltr'><strong>quam</strong></span> <span class='ocrx_word' id='word_1_294' title='bbox 976 3362 1142 3441; x_wconf 87' lang='lat' dir='ltr'><strong>quaestorio</strong></span> 
     </span>
     <span class='ocr_line' id='line_1_39' title="bbox 135 3446 1142 3514; baseline -0.009 -1"><span class='ocrx_word' id='word_1_295' title='bbox 135 3453 243 3514; x_wconf 84' lang='lat' dir='ltr'><strong>scriba.</strong></span> <span class='ocrx_word' id='word_1_296' title='bbox 289 3451 336 3512; x_wconf 86' lang='lat' dir='ltr'><strong>Ex</strong></span> <span class='ocrx_word' id='word_1_297' title='bbox 352 3453 407 3512; x_wconf 87' lang='lat' dir='ltr'><strong>hae</strong></span> <span class='ocrx_word' id='word_1_298' title='bbox 421 3451 533 3513; x_wconf 91' lang='lat' dir='ltr'><strong>liberos</strong></span> <span class='ocrx_word' id='word_1_299' title='bbox 550 3451 614 3511; x_wconf 91' lang='lat' dir='ltr'><strong>tulit</strong></span> <span class='ocrx_word' id='word_1_300' title='bbox 630 3452 723 3513; x_wconf 87' lang='lat' dir='ltr'><strong>&#39;litum</strong></span> <span class='ocrx_word' id='word_1_301' title='bbox 741 3461 769 3512; x_wconf 88' lang='lat' dir='ltr'><strong>et</strong></span> <span class='ocrx_word' id='word_1_302' title='bbox 786 3449 980 3510; x_wconf 85' lang='lat' dir='ltr'><strong>Domitianum</strong></span> <span class='ocrx_word' id='word_1_303' title='bbox 1002 3457 1031 3507; x_wconf 89' lang='lat' dir='ltr'><strong>et</strong></span> <span class='ocrx_word' id='word_1_304' title='bbox 1046 3446 1142 3508; x_wconf 88' lang='lat' dir='ltr'><strong>Domi·</strong></span> 
     </span>
    </p>

    <p class='ocr_par' dir='ltr' id='par_1_17' title="bbox 184 3534 933 3598">
     <span class='ocr_line' id='line_1_40' title="bbox 184 3534 933 3598; baseline -0.007 -1"><span class='ocrx_word' id='word_1_305' title='bbox 184 3557 338 3598; x_wconf 83' lang='lat' dir='ltr'><strong>suerourus.</strong></span> <span class='ocrx_word' id='word_1_306' title='bbox 897 3534 933 3593; x_wconf 83' lang='lat'><strong>15</strong></span> 
     </span>
    </p>
   </div>
   <div class='ocr_carea' id='block_1_9' title="bbox 0 0 1224 3872">
    <p class='ocr_par' dir='ltr' id='par_1_18' title="bbox 0 0 1224 3872">
     <span class='ocr_line' id='line_1_41' title="bbox 0 0 1224 3872; baseline 0 0"><span class='ocrx_word' id='word_1_307' title='bbox 0 0 1224 3872; x_wconf 95' lang='lat' dir='ltr'><strong> </strong></span> 
     </span>
    </p>
   </div>
  </div>
 </body>
</html>
