<?xml version="1.0" encoding="UTF-8"?>
<!DOCTYPE html PUBLIC "-//W3C//DTD XHTML 1.0 Transitional//EN"
    "http://www.w3.org/TR/xhtml1/DTD/xhtml1-transitional.dtd">
<html xmlns="http://www.w3.org/1999/xhtml" xml:lang="en" lang="en">
 <head>
  <title>
</title>
<meta http-equiv="Content-Type" content="text/html;charset=utf-8" />
  <meta name='ocr-system' content='tesseract 3.04.00' />
  <meta name='ocr-capabilities' content='ocr_page ocr_carea ocr_par ocr_line ocrx_word'/>
</head>
<body>
  <div class='ocr_page' id='page_1' title='image "./csuetonitranqui00rothgoog_0218.png"; bbox 0 0 2444 3872; ppageno 0'>
   <div class='ocr_carea' id='block_1_1' title="bbox 169 203 1113 276">
    <p class='ocr_par' dir='ltr' id='par_1_1' title="bbox 169 203 1113 276">
     <span class='ocr_line' id='line_1_1' title="bbox 169 203 1113 276; baseline -0.004 -9"><span class='ocrx_word' id='word_1_1' title='bbox 169 203 229 269; x_wconf 79' lang='lat'><strong>108</strong></span> <span class='ocrx_word' id='word_1_2' title='bbox 253 217 283 265; x_wconf 89' lang='lat' dir='ltr'><strong>c.</strong></span> <span class='ocrx_word' id='word_1_3' title='bbox 300 215 453 266; x_wconf 80' lang='lat' dir='ltr'><strong>susuonr</strong></span> <span class='ocrx_word' id='word_1_4' title='bbox 467 215 594 276; x_wconf 75' lang='lat' dir='ltr'><strong>usaue.</strong></span> <span class='ocrx_word' id='word_1_5' title='bbox 611 215 658 262; x_wconf 84' lang='lat' dir='ltr'><strong>us</strong></span> <span class='ocrx_word' id='word_1_6' title='bbox 670 213 755 261; x_wconf 78' lang='lat' dir='ltr'><strong>vrrs</strong></span> <span class='ocrx_word' id='word_1_7' title='bbox 771 211 956 260; x_wconf 75' lang='lat' dir='ltr'><strong>cuusssuru</strong></span> <span class='ocrx_word' id='word_1_8' title='bbox 971 213 1040 259; x_wconf 81' lang='lat' dir='ltr'><strong>urs.</strong></span> <span class='ocrx_word' id='word_1_9' title='bbox 1058 213 1113 263; x_wconf 87' lang='lat'>111.</span> 
     </span>
    </p>
   </div>
   <div class='ocr_carea' id='block_1_2' title="bbox 70 365 1215 714">
    <p class='ocr_par' dir='ltr' id='par_1_2' title="bbox 167 365 1215 448">
     <span class='ocr_line' id='line_1_2' title="bbox 167 365 1215 448; baseline -0.007 -12"><span class='ocrx_word' id='word_1_10' title='bbox 167 374 332 436; x_wconf 89' lang='lat' dir='ltr'><strong>inconsulto</strong></span> <span class='ocrx_word' id='word_1_11' title='bbox 362 391 395 433; x_wconf 88' lang='lat' dir='ltr'><strong>se</strong></span> <span class='ocrx_word' id='word_1_12' title='bbox 414 372 537 445; x_wconf 87' lang='lat' dir='ltr'><strong>adisset,</strong></span> <span class='ocrx_word' id='word_1_13' title='bbox 561 377 684 448; x_wconf 18' lang='lat' dir='ltr'><strong>,questus</strong></span> <span class='ocrx_word' id='word_1_14' title='bbox 706 375 750 427; x_wconf 89' lang='lat' dir='ltr'><strong>est</strong></span> <span class='ocrx_word' id='word_1_15' title='bbox 772 368 800 426; x_wconf 93' lang='lat' dir='ltr'><strong>in</strong></span> <span class='ocrx_word' id='word_1_16' title='bbox 821 374 932 426; x_wconf 89' lang='lat' dir='ltr'><strong>senatu.</strong></span> <span class='ocrx_word' id='word_1_17' title='bbox 968 365 1062 427; x_wconf 83' lang='lat' dir='ltr'><strong>Etiam</strong></span> <span class='ocrx_word' id='word_1_18' title='bbox 1085 385 1174 429; x_wconf 86' lang='lat' dir='ltr'><strong>eausa</strong></span> <span class='ocrx_word' id='word_1_19' title='bbox 1214 435 1215 440; x_wconf 9' lang='grc' dir='ltr'>η</span> 
     </span>
    </p>

    <p class='ocr_par' dir='ltr' id='par_1_3' title="bbox 167 447 1215 533">
     <span class='ocr_line' id='line_1_3' title="bbox 167 447 1215 533; baseline -0.01 -13"><span class='ocrx_word' id='word_1_20' title='bbox 167 459 267 520; x_wconf 91' lang='lat' dir='ltr'><strong>mortis</strong></span> <span class='ocrx_word' id='word_1_21' title='bbox 288 457 379 527; x_wconf 83' lang='lat' dir='ltr'><strong>luisse</strong></span> <span class='ocrx_word' id='word_1_22' title='bbox 404 457 432 516; x_wconf 89' lang='lat' dir='ltr'><strong>ei</strong></span> <span class='ocrx_word' id='word_1_23' title='bbox 457 451 583 533; x_wconf 81' lang='lat' dir='ltr'><strong>perGN.</strong></span> <span class='ocrx_word' id='word_1_24' title='bbox 605 453 739 512; x_wconf 78' lang='lat' dir='ltr'><strong>Pisonem</strong></span> <span class='ocrx_word' id='word_1_25' title='bbox 761 451 889 529; x_wconf 81' lang='lat' dir='ltr'><strong>legatum</strong></span> <span class='ocrx_word' id='word_1_26' title='bbox 911 451 1013 526; x_wconf 84' lang='lat' dir='ltr'><strong>Syriae</strong></span> <span class='ocrx_word' id='word_1_27' title='bbox 1034 449 1172 529; x_wconf 89' lang='lat' dir='ltr'><strong>creditur,</strong></span> <span class='ocrx_word' id='word_1_28' title='bbox 1214 447 1215 458; x_wconf 72' lang='grc'>’</span> 
     </span>
    </p>

    <p class='ocr_par' dir='ltr' id='par_1_4' title="bbox 70 533 1204 714">
     <span class='ocr_line' id='line_1_4' title="bbox 169 533 1204 622; baseline -0.007 -20"><span class='ocrx_word' id='word_1_29' title='bbox 169 561 253 622; x_wconf 88' lang='lat' dir='ltr'><strong>quem</strong></span> <span class='ocrx_word' id='word_1_30' title='bbox 273 560 345 601; x_wconf 83' lang='lat' dir='ltr'><strong>mox</strong></span> <span class='ocrx_word' id='word_1_31' title='bbox 360 541 444 600; x_wconf 87' lang='lat' dir='ltr'><strong>huius</strong></span> <span class='ocrx_word' id='word_1_32' title='bbox 468 537 592 599; x_wconf 87' lang='lat' dir='ltr'><strong>criminis</strong></span> <span class='ocrx_word' id='word_1_33' title='bbox 612 555 692 597; x_wconf 91' lang='lat' dir='ltr'><strong>reum</strong></span> <span class='ocrx_word' id='word_1_34' title='bbox 714 543 812 616; x_wconf 91' lang='lat' dir='ltr'><strong>putant</strong></span> <span class='ocrx_word' id='word_1_35' title='bbox 829 533 943 614; x_wconf 88' lang='lat' dir='ltr'><strong>quidam</strong></span> <span class='ocrx_word' id='word_1_36' title='bbox 957 533 1089 595; x_wconf 89' lang='lat' dir='ltr'><strong>mandata</strong></span> <span class='ocrx_word' id='word_1_37' title='bbox 1104 553 1172 614; x_wconf 93' lang='lat' dir='ltr'><strong>pro·</strong></span> <span class='ocrx_word' id='word_1_38' title='bbox 1199 601 1204 617; x_wconf 53' lang='grc'><em>,</em></span> 
     </span>
     <span class='ocr_line' id='line_1_5' title="bbox 70 617 1173 714; baseline -0.009 -27"><span class='ocrx_word' id='word_1_39' title='bbox 70 655 149 714; x_wconf 58' lang='lat' dir='ltr'><strong>ffl&#39;</strong></span> <span class='ocrx_word' id='word_1_40' title='bbox 167 627 306 702; x_wconf 90' lang='lat' dir='ltr'><strong>laturum,</strong></span> <span class='ocrx_word' id='word_1_41' title='bbox 327 625 381 684; x_wconf 93' lang='lat' dir='ltr'><strong>nisi</strong></span> <span class='ocrx_word' id='word_1_42' title='bbox 405 643 440 685; x_wconf 92' lang='lat' dir='ltr'><strong>ea</strong></span> <span class='ocrx_word' id='word_1_43' title='bbox 464 629 580 684; x_wconf 91' lang='lat' dir='ltr'><strong>secreto</strong></span> <span class='ocrx_word' id='word_1_44' title='bbox 598 619 821 701; x_wconf 72' lang='lat' dir='ltr'><strong>ostentant,***</strong></span> <span class='ocrx_word' id='word_1_45' title='bbox 839 631 913 698; x_wconf 84' lang='lat' dir='ltr'><strong>quae</strong></span> <span class='ocrx_word' id='word_1_46' title='bbox 930 617 1115 680; x_wconf 82' lang='lat' dir='ltr'><strong>multifariam</strong></span> <span class='ocrx_word' id='word_1_47' title='bbox 1131 620 1173 678; x_wconf 88' lang='lat' dir='ltr'><strong>iu-</strong></span> 
     </span>
    </p>
   </div>
   <div class='ocr_carea' id='block_1_3' title="bbox 7 695 1215 3550">
    <p class='ocr_par' dir='ltr' id='par_1_5' title="bbox 7 695 1215 3550">
     <span class='ocr_line' id='line_1_6' title="bbox 7 695 1215 790; baseline -0.003 -20"><span class='ocrx_word' id='word_1_48' title='bbox 7 703 81 790; x_wconf 47' lang='lat' dir='ltr'><strong>fffift,</strong></span> <span class='ocrx_word' id='word_1_49' title='bbox 168 707 307 789; x_wconf 87' lang='lat' dir='ltr'><strong>seriptum</strong></span> <span class='ocrx_word' id='word_1_50' title='bbox 329 717 357 769; x_wconf 90' lang='lat' dir='ltr'><strong>ot</strong></span> <span class='ocrx_word' id='word_1_51' title='bbox 381 726 436 787; x_wconf 86' lang='lat' dir='ltr'><strong>per</strong></span> <span class='ocrx_word' id='word_1_52' title='bbox 456 715 560 767; x_wconf 89' lang='lat' dir='ltr'><strong>noctes</strong></span> <span class='ocrx_word' id='word_1_53' title='bbox 582 703 757 764; x_wconf 90' lang='lat' dir='ltr'><strong>creberrime</strong></span> <span class='ocrx_word' id='word_1_54' title='bbox 774 703 963 764; x_wconf 78' lang='lat' dir='ltr'><strong>adclamatum</strong></span> <span class='ocrx_word' id='word_1_55' title='bbox 979 711 1038 763; x_wconf 89' lang='lat' dir='ltr'><strong>est:</strong></span> <span class='ocrx_word' id='word_1_56' title='bbox 1062 695 1215 780; x_wconf 45' lang='lat' dir='ltr'><strong>Reddet,</strong></span> 
     </span>
     <span class='ocr_line' id='line_1_7' title="bbox 7 781 1172 868; baseline -0.009 -12"><span class='ocrx_word' id='word_1_57' title='bbox 7 781 63 840; x_wconf 48' lang='grc' dir='ltr'><strong>Ψ</strong></span> <span class='ocrx_word' id='word_1_58' title='bbox 168 793 399 855; x_wconf 77' lang='lat' dir='ltr'><strong>Germanicum!</strong></span> <span class='ocrx_word' id='word_1_59' title='bbox 427 792 517 867; x_wconf 86' lang='lat' dir='ltr'><strong>Quam</strong></span> <span class='ocrx_word' id='word_1_60' title='bbox 542 791 737 868; x_wconf 83' lang='lat' dir='ltr'><strong>suspicionem</strong></span> <span class='ocrx_word' id='word_1_61' title='bbox 763 787 943 848; x_wconf 84' lang='lat' dir='ltr'><strong>confirmavit</strong></span> <span class='ocrx_word' id='word_1_62' title='bbox 964 789 1031 866; x_wconf 90' lang='lat' dir='ltr'><strong>ipse</strong></span> <span class='ocrx_word' id='word_1_63' title='bbox 1079 796 1172 865; x_wconf 77' lang='lat' dir='ltr'><strong>osma,</strong></span> 
     </span>
     <span class='ocr_line' id='line_1_8' title="bbox 168 806 1171 956; baseline -0.009 -17"><span class='ocrx_word' id='word_1_64' title='bbox 168 879 295 956; x_wconf 83' lang='lat' dir='ltr'><strong>coniuge</strong></span> <span class='ocrx_word' id='word_1_65' title='bbox 317 877 402 937; x_wconf 88' lang='lat' dir='ltr'><strong>etiam</strong></span> <span class='ocrx_word' id='word_1_66' title='bbox 423 894 458 936; x_wconf 89' lang='lat' dir='ltr'><strong>ac</strong></span> <span class='ocrx_word' id='word_1_67' title='bbox 479 874 580 935; x_wconf 87' lang='lat' dir='ltr'><strong>liberis</strong></span> <span class='ocrx_word' id='word_1_68' title='bbox 597 873 759 935; x_wconf 81' lang='lat' dir='ltr'><strong>Germanici</strong></span> <span class='ocrx_word' id='word_1_69' title='bbox 780 869 927 933; x_wconf 81' lang='lat' dir='ltr'><strong>crudelem</strong></span> <span class='ocrx_word' id='word_1_70' title='bbox 948 873 977 932; x_wconf 91' lang='lat' dir='ltr'><strong>iu</strong></span> <span class='ocrx_word' id='word_1_71' title='bbox 995 806 1111 932; x_wconf 41' lang='lat' dir='ltr'><strong>modlulum</strong></span> <span class='ocrx_word' id='word_1_72' title='bbox 1132 871 1171 933; x_wconf 86' lang='lat' dir='ltr'><strong>ai-</strong></span> 
     </span>
     <span class='ocr_line' id='line_1_9' title="bbox 169 962 264 1023; baseline -0.032 0"><span class='ocrx_word' id='word_1_73' title='bbox 169 962 264 1023; x_wconf 90' lang='lat' dir='ltr'><strong>llictis.</strong></span> 
     </span>
     <span class='ocr_line' id='line_1_10' title="bbox 125 1037 1172 1122; baseline -0.006 -15"><span class='ocrx_word' id='word_1_74' title='bbox 125 1058 161 1112; x_wconf 77' lang='lat'><strong>53</strong></span> <span class='ocrx_word' id='word_1_75' title='bbox 231 1045 339 1106; x_wconf 86' lang='lat' dir='ltr'><strong>Nurum</strong></span> <span class='ocrx_word' id='word_1_76' title='bbox 353 1043 562 1122; x_wconf 84' lang='lat' dir='ltr'><strong>Agrippinam,</strong></span> <span class='ocrx_word' id='word_1_77' title='bbox 579 1049 647 1122; x_wconf 91' lang='lat' dir='ltr'><strong>post</strong></span> <span class='ocrx_word' id='word_1_78' title='bbox 660 1039 751 1100; x_wconf 88' lang='lat' dir='ltr'><strong>mariti</strong></span> <span class='ocrx_word' id='word_1_79' title='bbox 766 1039 888 1099; x_wconf 89' lang='lat' dir='ltr'><strong>mortem</strong></span> <span class='ocrx_word' id='word_1_80' title='bbox 902 1038 1022 1099; x_wconf 84' lang='lat' dir='ltr'><strong>liberius</strong></span> <span class='ocrx_word' id='word_1_81' title='bbox 1039 1037 1172 1118; x_wconf 84' lang='lat' dir='ltr'><strong>quiddam</strong></span> 
     </span>
     <span class='ocr_line' id='line_1_11' title="bbox 168 1121 1215 1209; baseline -0.005 -20"><span class='ocrx_word' id='word_1_82' title='bbox 168 1139 312 1209; x_wconf 86' lang='lat' dir='ltr'><strong>questam,</strong></span> <span class='ocrx_word' id='word_1_83' title='bbox 334 1145 418 1187; x_wconf 91' lang='lat' dir='ltr'><strong>manu</strong></span> <span class='ocrx_word' id='word_1_84' title='bbox 439 1125 630 1205; x_wconf 78' lang='lat' dir='ltr'><strong>apprehendit</strong></span> <span class='ocrx_word' id='word_1_85' title='bbox 646 1123 817 1202; x_wconf 82' lang='lat' dir='ltr'><strong>Graecoque</strong></span> <span class='ocrx_word' id='word_1_86' title='bbox 834 1141 923 1183; x_wconf 85' lang='lat' dir='ltr'><strong>versu</strong></span> <span class='ocrx_word' id='word_1_87' title='bbox 940 1121 977 1184; x_wconf 83' lang='lat' dir='ltr'><strong>Si</strong></span> <span class='ocrx_word' id='word_1_88' title='bbox 991 1143 1053 1185; x_wconf 84' lang='lat' dir='ltr'><strong>non</strong></span> <span class='ocrx_word' id='word_1_89' title='bbox 1070 1122 1168 1186; x_wconf 82' lang='lat' dir='ltr'><strong>domt-</strong></span> <span class='ocrx_word' id='word_1_90' title='bbox 1180 1143 1215 1198; x_wconf 68' lang='lat' dir='ltr'><strong>uu,</strong></span> 
     </span>
     <span class='ocr_line' id='line_1_12' title="bbox 44 1188 1172 1298; baseline -0.004 -25"><span class='ocrx_word' id='word_1_91' title='bbox 44 1188 120 1298; x_wconf 43' lang='grc' dir='ltr'><strong>Ἃ</strong></span> <span class='ocrx_word' id='word_1_92' title='bbox 166 1213 272 1286; x_wconf 65' lang='lat' dir='ltr'><strong>nume,</strong></span> <span class='ocrx_word' id='word_1_93' title='bbox 292 1211 399 1288; x_wconf 87' lang='lat' dir='ltr'><strong>inquit,</strong></span> <span class='ocrx_word' id='word_1_94' title='bbox 414 1208 530 1288; x_wconf 76' lang='lat' dir='ltr'><strong>filiola,</strong></span> <span class='ocrx_word' id='word_1_95' title='bbox 547 1209 694 1269; x_wconf 80' lang='lat' dir='ltr'><strong>iniuriam</strong></span> <span class='ocrx_word' id='word_1_96' title='bbox 711 1214 739 1268; x_wconf 87' lang='lat' dir='ltr'><strong>te</strong></span> <span class='ocrx_word' id='word_1_97' title='bbox 755 1207 899 1286; x_wconf 81' lang='lat' dir='ltr'><strong>occipere</strong></span> <span class='ocrx_word' id='word_1_98' title='bbox 915 1207 1100 1268; x_wconf 66' lang='lat' dir='ltr'><strong>essemus?</strong></span> <span class='ocrx_word' id='word_1_99' title='bbox 1117 1227 1172 1268; x_wconf 91' lang='lat' dir='ltr'><strong>uec</strong></span> 
     </span>
     <span class='ocr_line' id='line_1_13' title="bbox 167 1290 1215 1374; baseline -0.003 -19"><span class='ocrx_word' id='word_1_100' title='bbox 167 1296 227 1355; x_wconf 91' lang='lat' dir='ltr'><strong>ullo</strong></span> <span class='ocrx_word' id='word_1_101' title='bbox 243 1312 311 1354; x_wconf 85' lang='lat' dir='ltr'><strong>mox</strong></span> <span class='ocrx_word' id='word_1_102' title='bbox 326 1311 460 1353; x_wconf 84' lang='lat' dir='ltr'><strong>sermone</strong></span> <span class='ocrx_word' id='word_1_103' title='bbox 476 1293 609 1370; x_wconf 84' lang='lat' dir='ltr'><strong>dignatus</strong></span> <span class='ocrx_word' id='word_1_104' title='bbox 624 1300 678 1352; x_wconf 87' lang='lat' dir='ltr'><strong>est.</strong></span> <span class='ocrx_word' id='word_1_105' title='bbox 711 1290 862 1366; x_wconf 82' lang='lat' dir='ltr'><strong>Quondam</strong></span> <span class='ocrx_word' id='word_1_106' title='bbox 877 1309 947 1351; x_wconf 87' lang='lat' dir='ltr'><strong>vero</strong></span> <span class='ocrx_word' id='word_1_107' title='bbox 962 1293 1037 1374; x_wconf 89' lang='lat' dir='ltr'><strong>inter</strong></span> <span class='ocrx_word' id='word_1_108' title='bbox 1052 1310 1172 1372; x_wconf 65' lang='lat' dir='ltr'><strong>caenam</strong></span> <span class='ocrx_word' id='word_1_109' title='bbox 1214 1323 1215 1374; x_wconf 56' lang='lat' dir='ltr'><strong>p</strong></span> 
     </span>
     <span class='ocr_line' id='line_1_14' title="bbox 104 1375 1215 1458; baseline -0.003 -20"><span class='ocrx_word' id='word_1_110' title='bbox 104 1443 112 1457; x_wconf 60' lang='lat'><strong>,</strong></span> <span class='ocrx_word' id='word_1_111' title='bbox 168 1386 306 1458; x_wconf 89' lang='lat' dir='ltr'><strong>porrecta</strong></span> <span class='ocrx_word' id='word_1_112' title='bbox 328 1395 344 1436; x_wconf 89' lang='lat' dir='ltr'><strong>a</strong></span> <span class='ocrx_word' id='word_1_113' title='bbox 369 1395 401 1436; x_wconf 90' lang='lat' dir='ltr'><strong>se</strong></span> <span class='ocrx_word' id='word_1_114' title='bbox 423 1393 508 1456; x_wconf 91' lang='lat' dir='ltr'><strong>poma</strong></span> <span class='ocrx_word' id='word_1_115' title='bbox 524 1385 642 1453; x_wconf 83' lang='lat' dir='ltr'><strong>gustare</strong></span> <span class='ocrx_word' id='word_1_116' title='bbox 658 1393 716 1435; x_wconf 92' lang='lat' dir='ltr'><strong>uon</strong></span> <span class='ocrx_word' id='word_1_117' title='bbox 733 1393 831 1436; x_wconf 90' lang='lat' dir='ltr'><strong>ausam</strong></span> <span class='ocrx_word' id='word_1_118' title='bbox 849 1378 934 1435; x_wconf 91' lang='lat' dir='ltr'><strong>etiam</strong></span> <span class='ocrx_word' id='word_1_119' title='bbox 949 1393 1058 1436; x_wconf 87' lang='lat' dir='ltr'><strong>vocare</strong></span> <span class='ocrx_word' id='word_1_120' title='bbox 1074 1375 1172 1451; x_wconf 89' lang='lat' dir='ltr'><strong>desiit,</strong></span> <span class='ocrx_word' id='word_1_121' title='bbox 1214 1379 1215 1416; x_wconf 58' lang='lat' dir='ltr'><strong>l</strong></span> 
     </span>
     <span class='ocr_line' id='line_1_15' title="bbox 168 1461 1172 1540; baseline -0.002 -18"><span class='ocrx_word' id='word_1_122' title='bbox 168 1461 304 1522; x_wconf 89' lang='lat' dir='ltr'><strong>simulans</strong></span> <span class='ocrx_word' id='word_1_123' title='bbox 316 1461 421 1522; x_wconf 82' lang='lat' dir='ltr'><strong>ueneni</strong></span> <span class='ocrx_word' id='word_1_124' title='bbox 435 1479 467 1520; x_wconf 93' lang='lat' dir='ltr'><strong>se</strong></span> <span class='ocrx_word' id='word_1_125' title='bbox 483 1461 601 1521; x_wconf 92' lang='lat' dir='ltr'><strong>crimine</strong></span> <span class='ocrx_word' id='word_1_126' title='bbox 616 1461 742 1529; x_wconf 87' lang='lat' dir='ltr'><strong>accersi;</strong></span> <span class='ocrx_word' id='word_1_127' title='bbox 760 1477 823 1520; x_wconf 88' lang='lat' dir='ltr'><strong>eum</strong></span> <span class='ocrx_word' id='word_1_128' title='bbox 840 1467 1050 1540; x_wconf 72' lang='lat' dir='ltr'><strong>praestructum</strong></span> <span class='ocrx_word' id='word_1_129' title='bbox 1066 1470 1172 1520; x_wconf 91' lang='lat' dir='ltr'><strong>utrum-</strong></span> 
     </span>
     <span class='ocr_line' id='line_1_16' title="bbox 169 1540 1202 1626; baseline 0 -20"><span class='ocrx_word' id='word_1_130' title='bbox 169 1565 225 1626; x_wconf 87' lang='lat' dir='ltr'><strong>que</strong></span> <span class='ocrx_word' id='word_1_131' title='bbox 241 1544 373 1605; x_wconf 85' lang='lat' dir='ltr'><strong>consulto</strong></span> <span class='ocrx_word' id='word_1_132' title='bbox 389 1553 477 1621; x_wconf 90' lang='lat' dir='ltr'><strong>esset,</strong></span> <span class='ocrx_word' id='word_1_133' title='bbox 495 1553 526 1603; x_wconf 95' lang='lat' dir='ltr'><strong>ut</strong></span> <span class='ocrx_word' id='word_1_134' title='bbox 540 1540 648 1623; x_wconf 87' lang='lat' dir='ltr'><strong>etipse</strong></span> <span class='ocrx_word' id='word_1_135' title='bbox 663 1543 819 1623; x_wconf 87' lang='lat' dir='ltr'><strong>temptandi</strong></span> <span class='ocrx_word' id='word_1_136' title='bbox 830 1545 924 1620; x_wconf 84' lang='lat' dir='ltr'><strong>gratia</strong></span> <span class='ocrx_word' id='word_1_137' title='bbox 941 1543 1060 1604; x_wconf 83' lang='lat' dir='ltr'><strong>offerret</strong></span> <span class='ocrx_word' id='word_1_138' title='bbox 1077 1553 1108 1605; x_wconf 89' lang='lat' dir='ltr'><strong>et</strong></span> <span class='ocrx_word' id='word_1_139' title='bbox 1123 1544 1173 1605; x_wconf 91' lang='lat' dir='ltr'><strong>illa</strong></span> <span class='ocrx_word' id='word_1_140' title='bbox 1181 1565 1202 1606; x_wconf 87' lang='lat' dir='ltr'><strong>u</strong></span> 
     </span>
     <span class='ocr_line' id='line_1_17' title="bbox 168 1624 1172 1709; baseline -0.002 -19"><span class='ocrx_word' id='word_1_141' title='bbox 168 1629 252 1709; x_wconf 87' lang='lat' dir='ltr'><strong>quasi</strong></span> <span class='ocrx_word' id='word_1_142' title='bbox 273 1630 462 1690; x_wconf 90' lang='lat' dir='ltr'><strong>certissimum</strong></span> <span class='ocrx_word' id='word_1_143' title='bbox 491 1628 607 1688; x_wconf 86' lang='lat' dir='ltr'><strong>exitium</strong></span> <span class='ocrx_word' id='word_1_144' title='bbox 629 1637 756 1688; x_wconf 88' lang='lat' dir='ltr'><strong>caveret.</strong></span> <span class='ocrx_word' id='word_1_145' title='bbox 793 1624 958 1687; x_wconf 90' lang='lat' dir='ltr'><strong>Novissime</strong></span> <span class='ocrx_word' id='word_1_146' title='bbox 983 1627 1172 1689; x_wconf 90' lang='lat' dir='ltr'><strong>calumniatus</strong></span> 
     </span>
     <span class='ocr_line' id='line_1_18' title="bbox 167 1710 1172 1791; baseline -0.002 -17"><span class='ocrx_word' id='word_1_147' title='bbox 167 1713 254 1774; x_wconf 92' lang='lat' dir='ltr'><strong>modo</strong></span> <span class='ocrx_word' id='word_1_148' title='bbox 271 1713 307 1774; x_wconf 91' lang='lat' dir='ltr'><strong>ad</strong></span> <span class='ocrx_word' id='word_1_149' title='bbox 323 1721 444 1774; x_wconf 90' lang='lat' dir='ltr'><strong>statuam</strong></span> <span class='ocrx_word' id='word_1_150' title='bbox 455 1712 579 1790; x_wconf 82' lang='lat' dir='ltr'><strong>Augusti</strong></span> <span class='ocrx_word' id='word_1_151' title='bbox 594 1710 680 1772; x_wconf 92' lang='lat' dir='ltr'><strong>modo</strong></span> <span class='ocrx_word' id='word_1_152' title='bbox 696 1711 733 1772; x_wconf 88' lang='lat' dir='ltr'><strong>ad</strong></span> <span class='ocrx_word' id='word_1_153' title='bbox 744 1711 891 1772; x_wconf 81' lang='lat' dir='ltr'><strong>exercitus</strong></span> <span class='ocrx_word' id='word_1_154' title='bbox 907 1711 1069 1789; x_wconf 84' lang='lat' dir='ltr'><strong>confugero</strong></span> <span class='ocrx_word' id='word_1_155' title='bbox 1081 1711 1172 1791; x_wconf 83' lang='lat' dir='ltr'><strong>velle,</strong></span> 
     </span>
     <span class='ocr_line' id='line_1_19' title="bbox 62 1793 1215 1880; baseline 0.003 -28"><span class='ocrx_word' id='word_1_156' title='bbox 62 1845 65 1852; x_wconf 88' lang='lat'>.</span> <span class='ocrx_word' id='word_1_157' title='bbox 167 1795 364 1859; x_wconf 87' lang='lat' dir='ltr'><strong>Pandatariam</strong></span> <span class='ocrx_word' id='word_1_158' title='bbox 387 1796 546 1874; x_wconf 82' lang='lat' dir='ltr'><strong>relegavit,</strong></span> <span class='ocrx_word' id='word_1_159' title='bbox 569 1795 794 1874; x_wconf 81' lang='lat' dir='ltr'><strong>convitiantique</strong></span> <span class='ocrx_word' id='word_1_160' title='bbox 816 1793 931 1855; x_wconf 88' lang='lat' dir='ltr'><strong>oculum</strong></span> <span class='ocrx_word' id='word_1_161' title='bbox 955 1813 1009 1873; x_wconf 94' lang='lat' dir='ltr'><strong>per</strong></span> <span class='ocrx_word' id='word_1_162' title='bbox 1027 1797 1171 1856; x_wconf 90' lang='lat' dir='ltr'><strong>centurio·</strong></span> <span class='ocrx_word' id='word_1_163' title='bbox 1214 1853 1215 1880; x_wconf 68' lang='lat'><strong>,</strong></span> 
     </span>
     <span class='ocr_line' id='line_1_20' title="bbox 167 1878 1215 1960; baseline -0.004 -18"><span class='ocrx_word' id='word_1_164' title='bbox 167 1899 233 1942; x_wconf 90' lang='lat' dir='ltr'><strong>nem</strong></span> <span class='ocrx_word' id='word_1_165' title='bbox 247 1879 419 1940; x_wconf 84' lang='lat' dir='ltr'><strong>verberibus</strong></span> <span class='ocrx_word' id='word_1_166' title='bbox 435 1881 573 1940; x_wconf 86' lang='lat' dir='ltr'><strong>excussit.</strong></span> <span class='ocrx_word' id='word_1_167' title='bbox 602 1881 713 1941; x_wconf 86' lang='lat' dir='ltr'><strong>Rursus</strong></span> <span class='ocrx_word' id='word_1_168' title='bbox 728 1879 801 1939; x_wconf 92' lang='lat' dir='ltr'><strong>mori</strong></span> <span class='ocrx_word' id='word_1_169' title='bbox 815 1879 910 1938; x_wconf 88' lang='lat' dir='ltr'><strong>inedia</strong></span> <span class='ocrx_word' id='word_1_170' title='bbox 927 1878 1096 1957; x_wconf 84' lang='lat' dir='ltr'><strong>destinanti,</strong></span> <span class='ocrx_word' id='word_1_171' title='bbox 1119 1898 1173 1960; x_wconf 92' lang='lat' dir='ltr'><strong>per</strong></span> <span class='ocrx_word' id='word_1_172' title='bbox 1213 1883 1215 1932; x_wconf 86' lang='lat' dir='ltr'><strong>l</strong></span> 
     </span>
     <span class='ocr_line' id='line_1_21' title="bbox 166 1961 1201 2042; baseline -0.002 -18"><span class='ocrx_word' id='word_1_173' title='bbox 166 1966 224 2025; x_wconf 87' lang='lat' dir='ltr'><strong>vim</strong></span> <span class='ocrx_word' id='word_1_174' title='bbox 244 1981 295 2023; x_wconf 90' lang='lat' dir='ltr'><strong>oro</strong></span> <span class='ocrx_word' id='word_1_175' title='bbox 317 1961 448 2040; x_wconf 85' lang='lat' dir='ltr'><strong>diducto,</strong></span> <span class='ocrx_word' id='word_1_176' title='bbox 471 1963 596 2022; x_wconf 80' lang='lat' dir='ltr'><strong>infulciri</strong></span> <span class='ocrx_word' id='word_1_177' title='bbox 621 1961 715 2022; x_wconf 90' lang='lat' dir='ltr'><strong>cibum</strong></span> <span class='ocrx_word' id='word_1_178' title='bbox 731 1964 822 2023; x_wconf 90' lang='lat' dir='ltr'><strong>iussit.</strong></span> <span class='ocrx_word' id='word_1_179' title='bbox 856 1962 915 2023; x_wconf 87' lang='lat' dir='ltr'><strong>Sed</strong></span> <span class='ocrx_word' id='word_1_180' title='bbox 932 1971 961 2022; x_wconf 87' lang='lat' dir='ltr'><strong>et</strong></span> <span class='ocrx_word' id='word_1_181' title='bbox 978 1981 1201 2042; x_wconf 74' lang='lat' dir='ltr'><strong>perseveras-20</strong></span> 
     </span>
     <span class='ocr_line' id='line_1_22' title="bbox 166 2043 1173 2125; baseline -0.001 -18"><span class='ocrx_word' id='word_1_182' title='bbox 166 2059 224 2108; x_wconf 90' lang='lat' dir='ltr'><strong>tem</strong></span> <span class='ocrx_word' id='word_1_183' title='bbox 247 2056 332 2125; x_wconf 88' lang='lat' dir='ltr'><strong>atque</strong></span> <span class='ocrx_word' id='word_1_184' title='bbox 352 2049 391 2107; x_wconf 96' lang='lat' dir='ltr'><strong>ita</strong></span> <span class='ocrx_word' id='word_1_185' title='bbox 407 2045 584 2125; x_wconf 87' lang='lat' dir='ltr'><strong>absumptam</strong></span> <span class='ocrx_word' id='word_1_186' title='bbox 601 2047 836 2107; x_wconf 87' lang='lat' dir='ltr'><strong>criminosissime</strong></span> <span class='ocrx_word' id='word_1_187' title='bbox 851 2048 1009 2108; x_wconf 88' lang='lat' dir='ltr'><strong>insectatus</strong></span> <span class='ocrx_word' id='word_1_188' title='bbox 1023 2043 1083 2125; x_wconf 85' lang='lat' dir='ltr'><strong>¹est,</strong></span> <span class='ocrx_word' id='word_1_189' title='bbox 1109 2066 1173 2108; x_wconf 92' lang='lat' dir='ltr'><strong>cum</strong></span> 
     </span>
     <span class='ocr_line' id='line_1_23' title="bbox 167 2129 1172 2209; baseline 0.001 -20"><span class='ocrx_word' id='word_1_190' title='bbox 167 2131 242 2190; x_wconf 87' lang='lat' dir='ltr'><strong>diem</strong></span> <span class='ocrx_word' id='word_1_191' title='bbox 254 2148 369 2209; x_wconf 87' lang='lat' dir='ltr'><strong>quoque</strong></span> <span class='ocrx_word' id='word_1_192' title='bbox 381 2129 505 2190; x_wconf 92' lang='lat' dir='ltr'><strong>natalem</strong></span> <span class='ocrx_word' id='word_1_193' title='bbox 520 2132 582 2191; x_wconf 91' lang='lat' dir='ltr'><strong>eius</strong></span> <span class='ocrx_word' id='word_1_194' title='bbox 593 2133 667 2190; x_wconf 90' lang='lat' dir='ltr'><strong>inter</strong></span> <span class='ocrx_word' id='word_1_195' title='bbox 682 2131 813 2191; x_wconf 84' lang='lat' dir='ltr'><strong>nefastos</strong></span> <span class='ocrx_word' id='word_1_196' title='bbox 825 2129 1010 2192; x_wconf 87' lang='lat' dir='ltr'><strong>referendum</strong></span> <span class='ocrx_word' id='word_1_197' title='bbox 1021 2133 1172 2192; x_wconf 80' lang='lat' dir='ltr'><strong>suasisset.</strong></span> 
     </span>
     <span class='ocr_line' id='line_1_24' title="bbox 166 2213 1173 2294; baseline 0.002 -22"><span class='ocrx_word' id='word_1_198' title='bbox 166 2213 320 2290; x_wconf 87' lang='lat' dir='ltr'><strong>imputavit</strong></span> <span class='ocrx_word' id='word_1_199' title='bbox 335 2215 436 2290; x_wconf 87' lang='lat' dir='ltr'><strong>etiarn,</strong></span> <span class='ocrx_word' id='word_1_200' title='bbox 460 2214 538 2293; x_wconf 88' lang='lat' dir='ltr'><strong>quod</strong></span> <span class='ocrx_word' id='word_1_201' title='bbox 551 2232 609 2274; x_wconf 92' lang='lat' dir='ltr'><strong>non</strong></span> <span class='ocrx_word' id='word_1_202' title='bbox 626 2214 731 2294; x_wconf 88' lang='lat' dir='ltr'><strong>laqueo</strong></span> <span class='ocrx_word' id='word_1_203' title='bbox 750 2213 957 2292; x_wconf 82' lang='lat' dir='ltr'><strong>strangulatam</strong></span> <span class='ocrx_word' id='word_1_204' title='bbox 971 2217 1000 2275; x_wconf 90' lang='lat' dir='ltr'><strong>iu</strong></span> <span class='ocrx_word' id='word_1_205' title='bbox 1016 2213 1173 2277; x_wconf 82' lang='lat' dir='ltr'><strong>Gemonias</strong></span> 
     </span>
     <span class='ocr_line' id='line_1_25' title="bbox 167 2295 1171 2379; baseline 0.002 -23"><span class='ocrx_word' id='word_1_206' title='bbox 167 2295 322 2356; x_wconf 71' lang='lat' dir='ltr'><strong>abiecerint</strong></span> <span class='ocrx_word' id='word_1_207' title='bbox 346 2313 457 2375; x_wconf 88' lang='lat' dir='ltr'><strong>proque</strong></span> <span class='ocrx_word' id='word_1_208' title='bbox 485 2298 535 2357; x_wconf 93' lang='lat' dir='ltr'><strong>tali</strong></span> <span class='ocrx_word' id='word_1_209' title='bbox 558 2297 710 2358; x_wconf 91' lang='lat' dir='ltr'><strong>clementia</strong></span> <span class='ocrx_word' id='word_1_210' title='bbox 729 2300 877 2376; x_wconf 92' lang='lat' dir='ltr'><strong>interponi</strong></span> <span class='ocrx_word' id='word_1_211' title='bbox 897 2299 1045 2359; x_wconf 85' lang='lat' dir='ltr'><strong>decretum</strong></span> <span class='ocrx_word' id='word_1_212' title='bbox 1066 2317 1171 2379; x_wconf 87' lang='lat' dir='ltr'><strong>passus</strong></span> 
     </span>
     <span class='ocr_line' id='line_1_26' title="bbox 57 2379 1201 2461; baseline 0.003 -21"><span class='ocrx_word' id='word_1_213' title='bbox 57 2379 59 2384; x_wconf 82' lang='grc'><strong>’</strong></span> <span class='ocrx_word' id='word_1_214' title='bbox 168 2389 229 2456; x_wconf 84' lang='lat' dir='ltr'><strong>est,</strong></span> <span class='ocrx_word' id='word_1_215' title='bbox 252 2397 309 2458; x_wconf 87' lang='lat' dir='ltr'><strong>quo</strong></span> <span class='ocrx_word' id='word_1_216' title='bbox 333 2379 387 2457; x_wconf 81' lang='lat' dir='ltr'><strong>sibi</strong></span> <span class='ocrx_word' id='word_1_217' title='bbox 406 2381 517 2457; x_wconf 83' lang='lat' dir='ltr'><strong>gratiae</strong></span> <span class='ocrx_word' id='word_1_218' title='bbox 529 2391 686 2458; x_wconf 81' lang='lat' dir='ltr'><strong>agerentur</strong></span> <span class='ocrx_word' id='word_1_219' title='bbox 708 2381 996 2461; x_wconf 84' lang='lat' dir='ltr'><strong>etCapitoliuolovi</strong></span> <span class='ocrx_word' id='word_1_220' title='bbox 1013 2383 1201 2444; x_wconf 78' lang='lat' dir='ltr'><strong>denumerat</strong></span> 
     </span>
     <span class='ocr_line' id='line_1_27' title="bbox 167 2472 427 2526; baseline -0.015 0"><span class='ocrx_word' id='word_1_221' title='bbox 167 2482 237 2526; x_wconf 89' lang='lat' dir='ltr'><strong>auro</strong></span> <span class='ocrx_word' id='word_1_222' title='bbox 254 2472 427 2525; x_wconf 86' lang='lat' dir='ltr'><strong>sacraretur.</strong></span> 
     </span>
     <span class='ocr_line' id='line_1_28' title="bbox 124 2546 1172 2629; baseline 0.002 -20.885"><span class='ocrx_word' id='word_1_223' title='bbox 124 2554 158 2608; x_wconf 76' lang='lat' dir='ltr'><strong>el</strong></span> <span class='ocrx_word' id='word_1_224' title='bbox 229 2546 299 2607; x_wconf 81' lang='lat' dir='ltr'><strong>Cum</strong></span> <span class='ocrx_word' id='word_1_225' title='bbox 319 2567 356 2608; x_wconf 85' lang='lat' dir='ltr'><strong>ex</strong></span> <span class='ocrx_word' id='word_1_226' title='bbox 372 2547 541 2609; x_wconf 80' lang='lat' dir='ltr'><strong>Germanico</strong></span> <span class='ocrx_word' id='word_1_227' title='bbox 558 2557 618 2608; x_wconf 91' lang='lat' dir='ltr'><strong>tres</strong></span> <span class='ocrx_word' id='word_1_228' title='bbox 635 2559 774 2629; x_wconf 87' lang='lat' dir='ltr'><strong>nepotes,</strong></span> <span class='ocrx_word' id='word_1_229' title='bbox 795 2549 942 2610; x_wconf 90' lang='lat' dir='ltr'><strong>Neronem</strong></span> <span class='ocrx_word' id='word_1_230' title='bbox 958 2559 986 2610; x_wconf 85' lang='lat' dir='ltr'><strong>et</strong></span> <span class='ocrx_word' id='word_1_231' title='bbox 1000 2549 1126 2610; x_wconf 89' lang='lat' dir='ltr'><strong>Drusum</strong></span> <span class='ocrx_word' id='word_1_232' title='bbox 1140 2559 1172 2610; x_wconf 89' lang='lat' dir='ltr'><strong>et</strong></span> 
     </span>
     <span class='ocr_line' id='line_1_29' title="bbox 74 2630 1172 2708; baseline 0.001 -15"><span class='ocrx_word' id='word_1_233' title='bbox 74 2631 76 2634; x_wconf 75' lang='grc'><strong>’</strong></span> <span class='ocrx_word' id='word_1_234' title='bbox 168 2633 282 2708; x_wconf 87' lang='lat' dir='ltr'><strong>Gaium,</strong></span> <span class='ocrx_word' id='word_1_235' title='bbox 307 2650 344 2692; x_wconf 89' lang='lat' dir='ltr'><strong>ex</strong></span> <span class='ocrx_word' id='word_1_236' title='bbox 360 2630 455 2692; x_wconf 91' lang='lat' dir='ltr'><strong>Druso</strong></span> <span class='ocrx_word' id='word_1_237' title='bbox 479 2652 561 2692; x_wconf 91' lang='lat' dir='ltr'><strong>unum</strong></span> <span class='ocrx_word' id='word_1_238' title='bbox 579 2632 725 2695; x_wconf 79' lang='lat' dir='ltr'><strong>&#39;liberium</strong></span> <span class='ocrx_word' id='word_1_239' title='bbox 746 2633 885 2708; x_wconf 88' lang='lat' dir='ltr'><strong>haberet,</strong></span> <span class='ocrx_word' id='word_1_240' title='bbox 907 2633 1059 2694; x_wconf 87' lang='lat' dir='ltr'><strong>destitutus</strong></span> <span class='ocrx_word' id='word_1_241' title='bbox 1076 2643 1172 2694; x_wconf 88' lang='lat' dir='ltr'><strong>morte</strong></span> 
     </span>
     <span class='ocr_line' id='line_1_30' title="bbox 166 2715 1172 2795; baseline 0.004 -22"><span class='ocrx_word' id='word_1_242' title='bbox 166 2715 323 2774; x_wconf 86' lang='lat' dir='ltr'><strong>liberorum</strong></span> <span class='ocrx_word' id='word_1_243' title='bbox 349 2717 488 2777; x_wconf 87' lang='lat' dir='ltr'><strong>maximos</strong></span> <span class='ocrx_word' id='word_1_244' title='bbox 518 2725 585 2777; x_wconf 89' lang='lat' dir='ltr'><strong>natu</strong></span> <span class='ocrx_word' id='word_1_245' title='bbox 615 2717 651 2778; x_wconf 91' lang='lat' dir='ltr'><strong>de</strong></span> <span class='ocrx_word' id='word_1_246' title='bbox 676 2716 839 2779; x_wconf 82' lang='lat' dir='ltr'><strong>Germanici</strong></span> <span class='ocrx_word' id='word_1_247' title='bbox 860 2717 943 2795; x_wconf 89' lang='lat' dir='ltr'><strong>liliis,</strong></span> <span class='ocrx_word' id='word_1_248' title='bbox 969 2718 1117 2778; x_wconf 86' lang='lat' dir='ltr'><strong>Neronem</strong></span> <span class='ocrx_word' id='word_1_249' title='bbox 1141 2726 1172 2778; x_wconf 93' lang='lat' dir='ltr'><strong>et</strong></span> 
     </span>
     <span class='ocr_line' id='line_1_31' title="bbox 154 2797 1200 2881; baseline 0.004 -23"><span class='ocrx_word' id='word_1_250' title='bbox 154 2797 297 2874; x_wconf 76' lang='lat' dir='ltr'><strong>Drusum,</strong></span> <span class='ocrx_word' id='word_1_251' title='bbox 312 2797 441 2878; x_wconf 83' lang='lat' dir='ltr'><strong>patribus</strong></span> <span class='ocrx_word' id='word_1_252' title='bbox 458 2802 632 2880; x_wconf 89' lang='lat' dir='ltr'><strong>conscriptis</strong></span> <span class='ocrx_word' id='word_1_253' title='bbox 645 2803 855 2862; x_wconf 86' lang='lat' dir='ltr'><strong>commendarit</strong></span> <span class='ocrx_word' id='word_1_254' title='bbox 870 2800 1004 2881; x_wconf 88' lang='lat' dir='ltr'><strong>diemque</strong></span> <span class='ocrx_word' id='word_1_255' title='bbox 1017 2803 1169 2881; x_wconf 88' lang='lat' dir='ltr'><strong>utriusque</strong></span> <span class='ocrx_word' id='word_1_256' title='bbox 1179 2820 1200 2862; x_wconf 83' lang='lat' dir='ltr'><strong>ss</strong></span> 
     </span>
     <span class='ocr_line' id='line_1_32' title="bbox 165 2882 1170 2969; baseline 0.006 -29"><span class='ocrx_word' id='word_1_257' title='bbox 165 2882 290 2941; x_wconf 89' lang='lat' dir='ltr'><strong>tirocinii</strong></span> <span class='ocrx_word' id='word_1_258' title='bbox 312 2884 461 2960; x_wconf 80' lang='lat' dir='ltr'><strong>congiario</strong></span> <span class='ocrx_word' id='word_1_259' title='bbox 481 2885 580 2964; x_wconf 91' lang='lat' dir='ltr'><strong>plebei</strong></span> <span class='ocrx_word' id='word_1_260' title='bbox 606 2884 672 2946; x_wconf 92' lang='lat' dir='ltr'><strong>dato</strong></span> <span class='ocrx_word' id='word_1_261' title='bbox 695 2886 864 2947; x_wconf 86' lang='lat' dir='ltr'><strong>celebravit.</strong></span> <span class='ocrx_word' id='word_1_262' title='bbox 897 2885 956 2969; x_wconf 81' lang='lat' dir='ltr'><strong>Sed</strong></span> <span class='ocrx_word' id='word_1_263' title='bbox 970 2895 1000 2947; x_wconf 96' lang='lat' dir='ltr'><strong>ut</strong></span> <span class='ocrx_word' id='word_1_264' title='bbox 1017 2887 1170 2966; x_wconf 86' lang='lat' dir='ltr'><strong>comperit,</strong></span> 
     </span>
     <span class='ocr_line' id='line_1_33' title="bbox 166 2965 1171 3049; baseline 0.008 -27"><span class='ocrx_word' id='word_1_265' title='bbox 166 2965 281 3024; x_wconf 90' lang='lat' dir='ltr'><strong>ineunte</strong></span> <span class='ocrx_word' id='word_1_266' title='bbox 296 2983 370 3026; x_wconf 86' lang='lat' dir='ltr'><strong>anuo</strong></span> <span class='ocrx_word' id='word_1_267' title='bbox 384 2985 437 3045; x_wconf 92' lang='lat' dir='ltr'><strong>pro</strong></span> <span class='ocrx_word' id='word_1_268' title='bbox 453 2984 553 3028; x_wconf 90' lang='lat' dir='ltr'><strong>eorum</strong></span> <span class='ocrx_word' id='word_1_269' title='bbox 568 2986 685 3048; x_wconf 87' lang='lat' dir='ltr'><strong>quoque</strong></span> <span class='ocrx_word' id='word_1_270' title='bbox 701 2971 792 3030; x_wconf 89' lang='lat' dir='ltr'><strong>salute</strong></span> <span class='ocrx_word' id='word_1_271' title='bbox 810 2969 928 3049; x_wconf 87' lang='lat' dir='ltr'><strong>publice</strong></span> <span class='ocrx_word' id='word_1_272' title='bbox 942 2979 1010 3032; x_wconf 86' lang='lat' dir='ltr'><strong>vota</strong></span> <span class='ocrx_word' id='word_1_273' title='bbox 1023 2978 1171 3049; x_wconf 86' lang='lat' dir='ltr'><strong>suscepta,</strong></span> 
     </span>
     <span class='ocr_line' id='line_1_34' title="bbox 166 3049 1169 3133; baseline 0.008 -27"><span class='ocrx_word' id='word_1_274' title='bbox 166 3049 226 3125; x_wconf 83' lang='lat' dir='ltr'><strong>egit</strong></span> <span class='ocrx_word' id='word_1_275' title='bbox 249 3067 312 3108; x_wconf 87' lang='lat' dir='ltr'><strong>cum</strong></span> <span class='ocrx_word' id='word_1_276' title='bbox 328 3059 445 3128; x_wconf 85' lang='lat' dir='ltr'><strong>senatu,</strong></span> <span class='ocrx_word' id='word_1_277' title='bbox 467 3071 529 3114; x_wconf 85' lang='lat' dir='ltr'><strong>non</strong></span> <span class='ocrx_word' id='word_1_278' title='bbox 544 3051 657 3113; x_wconf 84' lang='lat' dir='ltr'><strong>dobere</strong></span> <span class='ocrx_word' id='word_1_279' title='bbox 675 3055 752 3115; x_wconf 80' lang='lat' dir='ltr'><strong>tolio</strong></span> <span class='ocrx_word' id='word_1_280' title='bbox 764 3055 911 3133; x_wconf 79' lang='lat' dir='ltr'><strong>procantu</strong></span> <span class='ocrx_word' id='word_1_281' title='bbox 927 3051 1100 3116; x_wconf 61' lang='lat' dir='ltr'><strong>tribuitnc‘si</strong></span> <span class='ocrx_word' id='word_1_282' title='bbox 1114 3071 1169 3114; x_wconf 76' lang='lat' dir='ltr'><strong>ec·</strong></span> 
     </span>
     <span class='ocr_line' id='line_1_35' title="bbox 162 3132 1171 3218; baseline 0.006 -26"><span class='ocrx_word' id='word_1_283' title='bbox 162 3132 262 3210; x_wconf 78' lang='lat' dir='ltr'><strong>pertis</strong></span> <span class='ocrx_word' id='word_1_284' title='bbox 278 3137 308 3194; x_wconf 84' lang='lat' dir='ltr'><strong>et</strong></span> <span class='ocrx_word' id='word_1_285' title='bbox 322 3140 424 3195; x_wconf 81' lang='lat' dir='ltr'><strong>aetate</strong></span> <span class='ocrx_word' id='word_1_286' title='bbox 434 3137 609 3213; x_wconf 80' lang='lat' dir='ltr'><strong>provectis:</strong></span> <span class='ocrx_word' id='word_1_287' title='bbox 634 3146 721 3217; x_wconf 87' lang='lat' dir='ltr'><strong>atque</strong></span> <span class='ocrx_word' id='word_1_288' title='bbox 738 3157 776 3199; x_wconf 84' lang='lat' dir='ltr'><strong>ex</strong></span> <span class='ocrx_word' id='word_1_289' title='bbox 792 3155 844 3215; x_wconf 88' lang='lat' dir='ltr'><strong>eo,</strong></span> <span class='ocrx_word' id='word_1_290' title='bbox 869 3137 1014 3218; x_wconf 84' lang='lat' dir='ltr'><strong>patefacta</strong></span> <span class='ocrx_word' id='word_1_291' title='bbox 1028 3136 1171 3200; x_wconf 85' lang='lat' dir='ltr'><strong>interiore</strong></span> 
     </span>
     <span class='ocr_line' id='line_1_36' title="bbox 165 3219 1203 3302; baseline 0.005 -26"><span class='ocrx_word' id='word_1_292' title='bbox 165 3219 248 3277; x_wconf 85' lang='lat' dir='ltr'><strong>animi</strong></span> <span class='ocrx_word' id='word_1_293' title='bbox 274 3219 317 3278; x_wconf 91' lang='lat' dir='ltr'><strong>sui</strong></span> <span class='ocrx_word' id='word_1_294' title='bbox 344 3228 428 3295; x_wconf 89' lang='lat' dir='ltr'><strong>nota,</strong></span> <span class='ocrx_word' id='word_1_295' title='bbox 456 3223 579 3280; x_wconf 86' lang='lat' dir='ltr'><strong>omnium</strong></span> <span class='ocrx_word' id='word_1_296' title='bbox 602 3221 845 3283; x_wconf 78' lang='lat' dir='ltr'><strong>criminationrlsus</strong></span> <span class='ocrx_word' id='word_1_297' title='bbox 867 3219 1014 3282; x_wconf 83' lang='lat' dir='ltr'><strong>obnoxios</strong></span> <span class='ocrx_word' id='word_1_298' title='bbox 1036 3219 1203 3302; x_wconf 51' lang='lat' dir='ltr'><strong>reddidisse</strong></span> 
     </span>
     <span class='ocr_line' id='line_1_37' title="bbox 164 3302 1172 3382; baseline 0.008 -24"><span class='ocrx_word' id='word_1_299' title='bbox 164 3302 301 3381; x_wconf 80' lang='lat' dir='ltr'><strong>variaque</strong></span> <span class='ocrx_word' id='word_1_300' title='bbox 322 3302 423 3363; x_wconf 84' lang='lat' dir='ltr'><strong>fraude</strong></span> <span class='ocrx_word' id='word_1_301' title='bbox 449 3303 598 3382; x_wconf 89' lang='lat' dir='ltr'><strong>inductos,</strong></span> <span class='ocrx_word' id='word_1_302' title='bbox 619 3314 650 3365; x_wconf 92' lang='lat' dir='ltr'><strong>ut</strong></span> <span class='ocrx_word' id='word_1_303' title='bbox 671 3316 702 3366; x_wconf 91' lang='lat' dir='ltr'><strong>et</strong></span> <span class='ocrx_word' id='word_1_304' title='bbox 717 3308 932 3367; x_wconf 89' lang='lat' dir='ltr'><strong>concitarentur</strong></span> <span class='ocrx_word' id='word_1_305' title='bbox 947 3306 984 3366; x_wconf 89' lang='lat' dir='ltr'><strong>ad</strong></span> <span class='ocrx_word' id='word_1_306' title='bbox 1000 3306 1124 3368; x_wconf 86' lang='lat' dir='ltr'><strong>convitia</strong></span> <span class='ocrx_word' id='word_1_307' title='bbox 1139 3315 1172 3366; x_wconf 89' lang='lat' dir='ltr'><strong>et</strong></span> 
     </span>
     <span class='ocr_line' id='line_1_38' title="bbox 165 3387 1171 3469; baseline 0.008 -27"><span class='ocrx_word' id='word_1_308' title='bbox 165 3387 302 3447; x_wconf 88' lang='lat' dir='ltr'><strong>concitati</strong></span> <span class='ocrx_word' id='word_1_309' title='bbox 318 3387 526 3466; x_wconf 85' lang='lat' dir='ltr'><strong>proderentur,</strong></span> <span class='ocrx_word' id='word_1_310' title='bbox 544 3393 692 3450; x_wconf 86' lang='lat' dir='ltr'><strong>accusavit</strong></span> <span class='ocrx_word' id='word_1_311' title='bbox 708 3410 762 3469; x_wconf 91' lang='lat' dir='ltr'><strong>per</strong></span> <span class='ocrx_word' id='word_1_312' title='bbox 779 3392 891 3451; x_wconf 89' lang='lat' dir='ltr'><strong>litteras</strong></span> <span class='ocrx_word' id='word_1_313' title='bbox 908 3389 1087 3452; x_wconf 87' lang='lat' dir='ltr'><strong>amarissime</strong></span> <span class='ocrx_word' id='word_1_314' title='bbox 1101 3407 1171 3450; x_wconf 90' lang='lat' dir='ltr'><strong>con·</strong></span> 
     </span>
     <span class='ocr_line' id='line_1_39' title="bbox 164 3469 1171 3550; baseline 0.009 -24"><span class='ocrx_word' id='word_1_315' title='bbox 164 3469 257 3548; x_wconf 80' lang='lat' dir='ltr'><strong>gestis</strong></span> <span class='ocrx_word' id='word_1_316' title='bbox 279 3473 361 3530; x_wconf 86' lang='lat' dir='ltr'><strong>etiam</strong></span> <span class='ocrx_word' id='word_1_317' title='bbox 378 3469 512 3550; x_wconf 83' lang='lat' dir='ltr'><strong>probris,</strong></span> <span class='ocrx_word' id='word_1_318' title='bbox 533 3481 561 3531; x_wconf 93' lang='lat' dir='ltr'><strong>et</strong></span> <span class='ocrx_word' id='word_1_319' title='bbox 573 3473 715 3534; x_wconf 90' lang='lat' dir='ltr'><strong>iudicatos</strong></span> <span class='ocrx_word' id='word_1_320' title='bbox 730 3475 823 3534; x_wconf 91' lang='lat' dir='ltr'><strong>hostis</strong></span> <span class='ocrx_word' id='word_1_321' title='bbox 837 3475 1059 3550; x_wconf 18' lang='lat' dir='ltr'><strong>lame-necarit:</strong></span> <span class='ocrx_word' id='word_1_322' title='bbox 1078 3471 1171 3536; x_wconf 87' lang='lat' dir='ltr'><strong>Nero·</strong></span> 
     </span>
    </p>
   </div>
   <div class='ocr_carea' id='block_1_4' title="bbox 0 0 1226 3872">
    <p class='ocr_par' dir='ltr' id='par_1_6' title="bbox 0 0 1226 3872">
     <span class='ocr_line' id='line_1_40' title="bbox 0 0 1226 3872; baseline 0 0"><span class='ocrx_word' id='word_1_323' title='bbox 0 0 1226 3872; x_wconf 95' lang='lat' dir='ltr'><strong> </strong></span> 
     </span>
    </p>
   </div>
  </div>
 </body>
</html>
