2444 3872
41 901 90 970 '37

102 233 161 296 136
190 243 220 293 c.
237 227 387 294 sunuout
405 243 533 306 annno.
549 245 597 292 nn
613 245 698 292 vrrs
716 243 899 294 csnssnum
913 246 982 298 nun.
995 247 1060 294 1111.

100 400 204 463 deinde
224 399 357 484 libuisset
385 416 524 478 egressus
554 398 696 476 triclinio,
729 418 792 460 cnm
820 401 943 461 maxime
969 399 1104 479 placitam

101 493 290 562 sevocasset,
321 483 493 563 paulopost
512 482 679 544 recentibus
699 483 790 544 adhuc
812 483 948 544 lasciviae
963 485 1039 544 notis
1057 502 1103 544 re·

98 588 202 630 versus
223 567 270 629 vel
290 565 426 628 laudabat
444 566 539 646 palam
554 566 602 627 vel
625 567 825 647 vituperabat,
857 567 970 645 singula
990 586 1103 629 enumc-

98 673 166 716 rans
192 652 269 714 bona
291 651 403 712 malave
432 652 565 731 corporis
592 659 677 731 atque
703 652 883 713 concubitus.
929 651 1103 727 Quibusdam

99 739 259 799 absentium
274 735 439 796 maritorum
455 735 570 795 nomine
586 735 735 818 repudium
761 737 826 816 ipse
841 737 935 813 misit,
964 736 1124 814 iussitquec

99 825 128 884 in
144 830 210 883 acta
226 823 266 882 ita
282 818 397 880 referri.

161 905 323 988 &iiiiii-¹1³
345 901 503 982 sumptibus
526 907 649 964 omniurn
671 904 860 984 prodigorum
879 904 996 982 ingenia
1019 921 1102 982 supe·

98 993 188 1069 ravit,
220 996 398 1050 commentus
418 1005 524 1048 norum
544 986 709 1048 balnearum
730 1005 826 1066 nsum,
855 987 1103 1069 portentosissima

97 1094 208 1154 genera
232 1073 361 1133 ciborum
382 1079 468 1151 atque
492 1088 661 1157 catenarum,
690 1081 720 1133 ut
741 1073 841 1134 calidis
861 1070 1033 1150 frigidisque
1054 1089 1102 1130 un·

98 1161 213 1237 guentis
235 1157 398 1230 lavaretur,
429 1145 639 1234 pretiosissima
660 1159 817 1234 margarita
839 1165 925 1221 aceto
946 1153 1136 1235 liqueiactam
1190 1175 1193 1180 ·

99 1240 249 1317 sorberet,
281 1239 413 1300 convivis
443 1255 481 1298 ex
511 1256 580 1300 auro
611 1258 702 1320 panes
729 1250 758 1302 et
783 1240 907 1304 obsonia
929 1246 1103 1319 apponeret,
1218 1271 1219 1274 =

99 1331 154 1387 out
172 1323 259 1405 faurqi
280 1321 431 1385 bominem
451 1339 521 1382 ease
535 1330 681 1402 oportere
697 1324 829 1386 dictitans
852 1333 909 1388 oct
924 1323 1102 1388 caesarem.

98 1411 173 1487 Quin
195 1417 224 1469 et
246 1423 376 1468 nummos
398 1423 456 1468 uon
475 1405 631 1468 mediocris
647 1425 771 1471 summae
792 1427 809 1470 e
830 1410 947 1489 fastigio
963 1406 1104 1471 basilicae

96 1493 187 1556 Iuliae
204 1511 259 1574 per
273 1491 382 1572 aliquot
404 1489 467 1552 dies
489 1493 598 1570 sparsit
611 1493 640 1552 in
659 1493 785 1572 plebem.
828 1493 994 1556 Fabricavit
1009 1501 1038 1553 et
1054 1492 1103 1553 de-

98 1580 174 1640 ceris
196 1576 365 1640 Liburnicas
394 1577 544 1655 gemmatis
568 1577 728 1658 puppibus,
760 1577 989 1640 uersicoloribus
1015 1577 1136 1652 velinos

96 1680 200 1741 magna
236 1661 410 1722 thermarum
446 1669 475 1720 et
505 1661 665 1740 porticuum
703 1671 732 1722 et
764 1662 953 1724 tricliniorum
984 1661 1104 1721 laxitate

96 1765 259 1827 magnaque
286 1744 371 1806 etiam
390 1745 488 1804 vitium
519 1754 548 1805 et
565 1747 770 1824 pomiferarum
792 1747 926 1808 arborum
948 1746 1102 1814 varietate3

2 1869 3 1875 κ
97 1831 199 1910 quibus
215 1827 400 1892 discumbens
417 1827 453 1889 de
472 1827 519 1889 die
535 1829 610 1888 inter
625 1829 734 1891 choros
755 1849 790 1892 ac
816 1830 1002 1912 symphonias
1017 1827 1104 1888 litora

2 1947 3 1950 ¹
98 1912 272 1996 Campaniae
298 1921 480 1993 peragraret.
523 1911 556 1974 ln
580 1914 809 1976 extructionibus
830 1914 1040 1995 praetoriorum
1061 1919 1102 1971 at·

2 1991 3 1996 ’
97 2017 152 2080 que
179 1998 327 2075 villarum,
360 1997 437 2058 omni
463 1998 576 2058 ratione
604 1997 783 2078 posthabita,
809 1999 878 2060 nihil
899 2008 955 2060 tam
981 1995 1139 2056 efficerem

2 2106 6 2112 ·
97 2081 325 2162 concupiscebat
349 2098 432 2160 qum
448 2081 525 2160 quod
541 2099 631 2161 posse
646 2083 725 2144 silici
740 2093 906 2162 negaretur.
950 2080 988 2142 llt
1008 2081 1102 2140 iactae

24 2197 39 2235 ι,
95 2168 192 2246 itaque
217 2165 310 2226 moles
335 2165 442 2226 infesto
470 2183 504 2226 ac
526 2164 670 2246 prolundo
693 2168 780 2244 mari,
812 2177 843 2229 et
866 2166 983 2227 excisae
1013 2178 1102 2242 rupes

18 2253 29 2314 ζ’
96 2248 237 2310 durissimi
254 2248 358 2325 silicis,
381 2259 410 2310 et
426 2250 520 2329 campi
535 2250 678 2312 montibus
691 2269 804 2330 aggere
822 2252 951 2330 aequati,
974 2256 1004 2308 et
1023 2263 1101 2306 corn-

95 2334 211 2413 planata
224 2331 347 2394 fossuris
367 2333 503 2393 montium
517 2335 599 2412 iuga,
626 2335 787 2397 incredibili
808 2335 921 2416 quidem
939 2332 1100 2404 celeritate,
1217 2369 1218 2376 .

95 2434 160 2478 cum
174 2433 273 2478 morae
290 2415 376 2496 culpa
390 2418 485 2497 capite
506 2417 645 2479 lueretur.
680 2419 725 2480 Ac
741 2438 777 2480 ne
794 2418 908 2498 singula
926 2429 1140 2490 enumeremus
1215 2383 1219 2472 l

94 2495 247 2564 iminensas
276 2518 367 2581 opes,
404 2509 552 2583 totumque
588 2500 659 2564 illud
694 2503 738 2566 Ti.
771 2502 907 2565 Caesaris
944 2503 1035 2562 vicies
1067 2517 1103 2559 ac
1217 2491 1219 2608 q

8 2644 87 2731 ¹las

10 2589 14 2594 '
35 2581 53 2619 ff
95 2587 206 2664 septies
221 2584 314 2646 milies
330 2587 494 2646 sestertium
509 2604 568 2646 non
583 2596 645 2648 toto
661 2595 794 2648 uertente
812 2604 887 2648 anno
904 2585 1070 2663 absumpsit.

157 2667 321 2729 Exhaustus
342 2671 429 2747 igitur
451 2657 707 2750 atque.egens⁸'ad
731 2673 847 2752 rapinas
873 2671 1018 2737 convertit
1043 2667 1101 2730 ani·

93 2770 184 2829 muru,
217 2753 296 2812 vario
318 2762 347 2813 et
365 2755 588 2832 exquisitissimo
613 2754 816 2816 calumniarum
840 2763 869 2815 et
889 2754 1049 2816 auctionum
1072 2758 1103 2808 et

94 2834 280 2913 vectigalium
297 2853 418 2913 genere.
452 2836 588 2916 Negabat
608 2839 670 2899 iure
689 2840 837 2908 civitatem,
847 2838 1004 2900 Romanam
1019 2851 1099 2895 usur·
1112 2849 1139 2892 so

94 2937 165 3000 pare
187 2936 255 2994 eos,
285 2936 406 2997 quorum
424 2923 550 2983 maiores
571 2921 626 2982 sibi
648 2925 836 3002 posterisque
865 2939 928 2984 eam
948 2922 1101 3000 impetras·

94 3011 173 3082 sent,
201 3003 296 3062 nisisi
314 3003 364 3064 lilii
386 3015 501 3082 essent,
533 3023 627 3086 neque
652 3008 727 3068 enim
747 3006 880 3083 intellegi
902 3004 1012 3066 debere
1034 3019 1101 3080 po-

94 3096 220 3152 steros
249 3085 324 3148 ultra
348 3087 423 3150 hunc
451 3087 588 3166 gradum3
619 3089 791 3168 prolataque
821 3090 960 3150 Diuorum
989 3087 1043 3148 lnli
1071 3093 1103 3144 et
1218 3099 1219 3102 ’

92 3171 216 3250 Augusti
232 3169 387 3251 diplomata
406 3181 436 3233 ut
453 3182 555 3234 vetera
571 3182 601 3234 et
618 3172 753 3234 obsoleta
767 3173 903 3235 debebat.
948 3169 1103 3248 Arguebat
1218 3165 1219 3172 '

93 3263 123 3313 et
143 3273 298 3334 perperam
323 3255 418 3317 editos
439 3275 563 3334 census,
595 3256 697 3336 quibus
725 3267 829 3337 postea
856 3273 1035 3338 quacumque
1063 3251 1139 3313 hess

93 3354 179 3398 causa
204 3340 355 3418 quicquam
376 3341 546 3400 incrementi
568 3342 753 3402 accessisset.
797 3341 979 3426 Testamenta
1003 3338 1101 3418 primi·

93 3417 241 3496 pilarium,
263 3425 310 3501 qui
335 3423 371 3484 ab
387 3424 467 3484 initio
485 3421 583 3484 l'iberi
602 3426 781 3504 principatus
798 3443 893 3504 neque
910 3423 989 3484 illum
1003 3439 1101 3501 neque

90 3517 126 3558 se
141 3500 278 3563 heredem
298 3506 501 3585 reliquissent,
532 3516 563 3568 ut
583 3508 698 3585 ingrata
721 3509 854 3580 rescidit3
885 3511 953 3569 item
983 3503 1099 3566 cetero-
