2444 3872
432 204 537 254 mvos
555 203 746 254 AUGUSTUS.
1046 195 1089 258 79
1177 233 1179 238 -

19 351 21 408 3
83 360 164 440 Apin
178 358 353 440 supersedit,
370 359 422 420 sed
439 367 468 420 et
482 358 582 421 Gaium
596 368 743 440 nepotem,
758 360 836 440 quod
851 359 985 422 Iudaeam
1002 377 1086 440 prae·

83 444 243 504 tervelrens
261 443 337 522 apud
351 443 558 518 Hierosolyma
578 460 636 504 non
657 444 868 524 supplicasset,
893 444 1086 507 conlaudauit.

146 527 184 590 lit
197 529 330 606 quoniam
342 527 377 587 ad
389 527 463 587 haec
475 536 651 603 ventumst,
662 544 721 587 uon
731 528 767 589 ab
780 547 813 590 re
824 529 911 612 luerit
921 527 1087 607 subtexere,
1095 549 1133 604 qq

19 617 21 624 ’
85 629 161 690 quae
178 613 205 671 ei
225 613 306 692 prius
322 627 405 690 quum
418 619 587 672 nasceretur
603 620 633 670 et
649 612 716 691 ipso
729 613 817 673 natali
832 613 880 674 die
894 631 929 674 uc
946 612 1088 692 deinceps

19 767 20 770 Ἴ
86 696 255 772 evenerint,
273 693 377 774 quibus
392 694 487 756 lutura
500 695 665 772 magnitudo
682 697 745 756 eius
761 705 790 756 et
805 706 946 777 perpetua
961 696 1087 758 felicitas

19 839 21 842 .
84 781 200 859 sperari
215 777 460 856 animadvertique
477 787 588 859 posset.

19 855 21 944 f
147 863 268 924 Velitris
287 863 443 942 antiquitus
463 871 540 923 taeta
555 862 591 922 de
607 863 690 923 caelo
706 873 790 943 parte
804 865 893 942 muri,
913 881 1088 945 responsum

19 973 21 1054 p
84 957 130 1008 est
152 949 215 1008 eius
231 947 331 1027 oppidi
348 947 441 1008 civem
457 945 631 1025 quandoque
644 965 742 1008 rerum
756 949 926 1028 potiturum:
945 959 1002 1027 qun¹
1018 948 1088 1010 lidu-

19 1065 20 1072 κ
85 1033 130 1092 cia
144 1031 289 1092 Veliterni
310 1040 339 1092 et
362 1039 430 1090 tuuc
448 1033 542 1090 statim
560 1040 589 1090 et
611 1040 714 1110 postea
730 1032 848 1112 saepius
861 1037 957 1112 paene
971 1032 1008 1094 ad
1028 1033 1088 1092 exi·

19 1127 21 1186 t
47 1117 153 1176 sotium
175 1115 219 1176 sui
241 1133 304 1176 cum
324 1113 436 1195 populo
450 1114 487 1176 li.
504 1113 766 1192 belligeraverant3
787 1133 855 1178 sero
870 1117 983 1178 tandem
999 1117 1088 1178 deeu-

19 1189 23 1294 ᾖ
83 1199 187 1260 mentis
209 1201 358 1278 apparuit,
385 1205 528 1259 ostentum
548 1197 619 1258 illud
638 1198 763 1276 Augusti
786 1201 944 1280 potentium
969 1210 1088 1281 porton-

19 1299 20 1324 Ξ
83 1283 171 1344 disse.
532 1339 534 1344 .

143 1368 256 1427 Auctor
271 1375 316 1426 est
332 1365 421 1428 lulius
434 1364 591 1444 Marathus,
607 1374 673 1428 ante
688 1384 798 1445 paucos
815 1385 899 1446 quam
916 1376 1089 1429 nasceretur

19 1485 30 1512 ι.
81 1467 199 1511 menses
216 1450 379 1529 prodigium
393 1449 503 1511 Romae
517 1449 623 1510 iactum
639 1449 768 1530 publice,
784 1467 843 1530 quo
857 1450 1087 1528 denuntiabatur,

20 1533 21 1536 ’
48 1557 72 1596 15
82 1553 186 1613 regem
199 1534 231 1595 P.
243 1535 278 1594 li.
293 1543 421 1596 naturam
432 1534 591 1612 parturire3
605 1543 734 1595 senatum
746 1537 914 1596 exterritum
927 1536 1087 1611 censuisse,

82 1637 120 1679 ne
140 1617 205 1697 quis
221 1617 272 1678 lllo
288 1635 363 1678 anno
382 1619 497 1696 genitus
512 1617 701 1688 educaretur;
727 1635 782 1679 eos
799 1620 847 1698 qui
864 1617 1002 1696 gravidas
1016 1634 1086 1678 uro-

81 1721 132 1762 res
146 1700 305 1779 haherent,
324 1699 402 1780 quod
418 1701 453 1761 ud
472 1719 504 1761 se
521 1703 644 1780 quisque
659 1719 742 1782 spem
757 1702 897 1779 traheret,
915 1719 1034 1763 curasse
1050 1718 1088 1762 ue

83 1785 376 1847 senatusconsultum
392 1784 427 1846 ad
443 1781 584 1845 aerafium
599 1784 772 1846 deferretur.
1038 1843 1039 1853 ,

145 1869 188 1929 Ιπ
212 1869 398 1948 Asclepiadis
426 1867 568 1930 llendetis
599 1868 860 1946 Theologumenon
890 1869 973 1930 libris
1005 1869 1089 1946 lego,

47 1955 195 2030 noAtium,
219 1971 282 2014 cum
304 1953 339 2014 ad
359 1952 501 2014 sollemne
516 1952 663 2033 Apollinis
679 1971 791 2015 sacrum
811 1954 905 2014 media
928 1961 1015 2014 nocte
1036 1970 1087 2013 ve-

19 2111 20 2114 ,
79 2041 189 2114 nisset,
213 2037 307 2117 positu
324 2039 353 2097 in
373 2037 484 2117 templo
500 2037 620 2113 lectica,
641 2037 706 2098 dum
722 2047 841 2099 ceterae
855 2047 1004 2099 matronae
1019 2037 1087 2097 dor·

19 2191 20 2198 p
79 2125 199 2199 mireut,
228 2119 427 2191 obdormisse
461 2120 617 2182 draconem
638 2131 759 2212 rgpeqte
785 2122 944 2202 irrepsisse
966 2121 1002 2182 ad
1023 2137 1087 2181 enm

81 2206 231 2286 pauloque
254 2215 321 2285 post
341 2205 511 2284 egressum
534 2205 612 2266 illam
628 2205 868 2286 expergeieotam
883 2207 966 2285 quasi
983 2224 1000 2266 a
1018 2221 1087 2266 eon·

82 2288 180 2352 cubitu
194 2290 289 2350 mariti
303 2291 474 2368 purificasse
488 2308 536 2358 se;
553 2298 582 2350 et
593 2291 687 2352 statim
696 2291 725 2350 iu
739 2291 942 2370 corpore'eius
955 2289 1088 2349 extitisse

19 2372 225 2434 „comaculam
246 2373 328 2434 velut
350 2375 420 2454 picti
442 2373 596 2450 draconis,
618 2393 675 2434 uec
697 2376 828 2454 potuisse
845 2392 977 2453 umquam
995 2373 1086 2449 exigi,

80 2458 157 2519 adeo
174 2467 203 2516 ut
215 2475 284 2518 rnox
294 2457 420 2538 publicis
431 2457 554 2518 balineis
566 2466 710 2537 perpetuo
724 2457 909 2526 abstinuerim
924 2456 1087 2533 Augustum

80 2551 177 2602 natum
193 2557 294 2603 mense
310 2541 424 2602 decimo
445 2550 474 2601 et
489 2541 527 2602 olt
542 2541 601 2602 hoc
616 2542 763 2620 Apollinis
780 2541 869 2602 lilimn
884 2541 1086 2601 existimatum.

80 2625 191 2686 Eadem
208 2625 274 2686 Atia
289 2626 369 2706 prius
385 2641 469 2705 quam
484 2634 602 2704 pareret
617 2615 932 2710 somniaritfintestina
948 2641 999 2684 sua
1015 2623 1088 2683 ierri

82 2709 117 2770 ad
133 2708 228 2770 sidera
244 2710 444 2790 explicarique
461 2727 515 2789 per
530 2727 643 2771 omnem
658 2720 800 2772 terrarum
814 2718 844 2769 et
856 2709 931 2770 caeli
941 2707 1085 2768 ambitum.

46 2778 294 2876 aesomniavit]et
317 2803 401 2875 pater
421 2793 574 2872 Octavius,
595 2803 679 2855 utero
696 2793 782 2855 Atiae
803 2792 886 2854 iubar
907 2793 979 2854 solis
1000 2809 1087 2852 exor-

80 2886 148 2938 tum.

145 2961 210 3035 Quo
224 2963 310 3024 ‘natos
325 2971 370 3024 est
383 2961 447 3039 die,
465 2980 528 3023 cum
545 2962 582 3022 de
599 2960 739 3024 Catilinae
758 2961 957 3026 coniuratione
981 2976 1084 3036 agere·

78 3053 125 3106 tur
138 3045 168 3104 in
184 3047 266 3107 curie
282 3055 311 3107 et
323 3045 460 3108 Octauius
472 3047 510 3107 ob
525 3048 625 3108 uxoris
641 3047 827 3126 puerperium
842 3045 935 3105 serius
946 3043 1087 3117 siluisset,

79 3139 148 3192 nota
166 3146 201 3191 ac
217 3129 336 3207 vulgata
353 3149 402 3192 res
419 3141 464 3192 est
481 3131 513 3192 P.
525 3129 687 3210 Nigidium,
705 3138 854 3210 compertu
870 3146 970 3190 morae
986 3142 1084 3199 causa,

19 3263 20 3270 ,
44 3229 69 3286 ap
80 3223 110 3274 ut
124 3213 226 3293 luorum
242 3231 360 3294 qnoque
375 3225 474 3296 partus
489 3217 648 3295 acceperit,
664 3215 826 3275 affirmasse
838 3213 981 3274 dominum
993 3217 1084 3268 terre-

77 3317 142 3359 rum
159 3297 225 3382 orbi
241 3308 346 3360 natum.
376 3298 497 3362 Octavio
517 3308 637 3378 postea,
660 3317 723 3360 curn
742 3316 796 3378 per
811 3305 926 3357 secreta
941 3290 1084 3355 Thraciae

79 3384 241 3444 exercimm
260 3382 398 3462 duceret,
419 3384 449 3444 iu
465 3383 561 3445 liberi
579 3385 669 3462 patris
683 3383 752 3443 luco
770 3380 893 3442 barbara
910 3373 1084 3438 caerimonia

19 3511 24 3598 p
78 3467 114 3528 de
133 3467 194 3528 lilio
215 3467 396 3548 consulenti,
413 3468 488 3528 idem
504 3468 672 3529 affirmatum
688 3475 733 3527 est
747 3484 763 3526 a
779 3460 989 3538 sacerdotibus,
1005 3456 1082 3537 qnod
