2412 3876
41 209 81 282 40
126 217 156 266 c.
170 214 321 265 sosroru
339 214 467 274 ramo.
481 214 530 262 nn
542 212 627 261 vura
640 212 826 261 consanum
840 214 909 261 nun.
923 213 961 260 11.

41 376 137 452 neris,
157 375 186 433 iu
201 369 387 450 deprecanda
407 369 546 447 graviore
565 367 698 430 adulterii
717 385 814 448 poena
832 377 949 448 praeter
969 376 1048 428 aeta-

36 470 98 522 tem
113 467 199 538 atque
213 453 324 517 natales
338 455 397 516 boo
410 471 528 534 quoque
543 453 672 533 patribus
695 455 872 533 conscriptis
892 452 1048 530 allegaret,

42 562 109 604 esse
124 556 331 622 possessorem
349 556 385 598 ac
400 537 482 598 velut
500 537 643 598 aedituum
663 537 735 614 soli,
758 536 836 617 quod
856 539 978 618 primum
997 537 1048 596 Di·

42 647 94 690 vus
115 626 263 704 Augustus
285 641 410 684 nascens
438 623 599 700 attigisset,
632 630 806 702 peteretque
833 621 935 682 donari
965 623 1048 700 quasi

44 712 165 794 proprio
185 726 238 769 suo
258 726 293 784 ac
314 707 455 786 peculiari
479 707 554 784 deo,
580 707 728 767 decretum
748 714 793 765 est
813 714 844 765 ut
862 723 898 766 ea
912 723 981 785 pars
996 705 1078 790 dos

16 794 105 857 limus
132 801 365 854 consecraretur.
401 790 647 852 Nutrimentorum
674 792 737 850 eins
765 789 928 850 ostenditur
953 789 1050 851 adbuc

42 881 127 942 locus
146 879 175 938 in
193 879 272 939 avito
299 874 464 936 suburbano
485 877 564 936 iuxta
585 875 713 936 Velitras
733 875 919 954 permodicus
941 882 970 934 ct
989 874 1048 935 cel·

42 966 89 1027 lae
111 963 267 1043 penuariae
291 961 398 1037 instar,
426 968 562 1039 tenetque
584 961 761 1020 vicinitatem
785 961 885 1038 opinio
908 967 1050 1038 tamquam

43 1059 73 1110 et
90 1057 172 1108 natus
189 1045 229 1106 ibi
244 1041 290 1104 sit.
318 1043 382 1105 lluc
398 1046 520 1104 introire
541 1045 595 1103 nisi
611 1045 782 1104 necessario
799 1052 828 1102 et
846 1052 926 1104 caste
941 1043 1049 1120 religio

44 1142 106 1208 est,
137 1137 282 1208 concepta
310 1129 449 1208 opinione
477 1129 588 1205 veteri,
625 1129 707 1208 quasi
734 1136 845 1188 temere
878 1127 1049 1189 adeuntibus
1061 1142 1090 1184 so
1203 1187 1204 1206 ,

45 1218 151 1277 horror
174 1213 287 1293 quidam
314 1221 343 1271 et
365 1221 458 1272 metus
481 1211 642 1290 obiciatur,
671 1212 725 1273 sed
739 1221 769 1271 et
786 1229 856 1272 mox
871 1213 1050 1272 confirmata.

44 1302 117 1363 Nam
137 1315 201 1360 cnm
223 1313 382 1377 possessor
407 1297 495 1359 villae
518 1314 612 1357 novus
640 1315 692 1357 seu
716 1297 793 1358 iorte
814 1314 867 1356 seu
893 1294 1051 1376 temptandi

47 1402 133 1446 causa
151 1381 274 1443 cubitum
292 1399 325 1440 sc
341 1397 379 1440 eo
396 1381 582 1459 contulisset,
607 1384 705 1442 evenit
725 1390 756 1440 ut
777 1387 846 1461 post
861 1381 1051 1462 paucissimas

46 1470 141 1530 noctis
156 1466 244 1530 horas
264 1464 432 1527 exturbatus
454 1464 520 1526 inde
541 1466 634 1526 subita
658 1469 687 1525 vi
709 1474 739 1525 et
759 1469 872 1526 incerta
893 1482 986 1544 paene
1004 1482 1050 1523 se-

46 1552 186 1614 mianimis
203 1567 267 1610 ounr
281 1559 372 1611 strato
385 1549 470 1611 simul
485 1559 551 1612 ante
567 1550 649 1611 iores
664 1551 852 1610 inveniretur.
1053 1567 1081 1610 ro

20 1637 36 1692 7
109 1635 213 1697 lniauti
234 1652 399 1711 cognomen
427 1635 589 1696 'lburino
608 1634 727 1695 inditum
747 1643 808 1713 est,
831 1637 859 1695 in
883 1635 1051 1695 memoriam

47 1723 187 1782 maiorum
205 1720 338 1796 originis,
361 1718 410 1780 vel
428 1718 507 1798 quod
523 1719 647 1796 regione
661 1719 792 1780 'lburina
806 1737 912 1780 recens
927 1736 965 1779 eo
981 1727 1051 1780 nato

48 1815 131 1886 pater
160 1802 298 1866 Octavius
321 1803 460 1864 adversus
487 1803 627 1880 fugitivos
654 1821 716 1864 rem
739 1821 884 1884 prospere
906 1811 1050 1882 gesserat.

48 1890 204 1953 Thurinum
226 1888 459 1965 cognominatum
481 1891 551 1948 satis
575 1897 656 1950 certa
678 1888 853 1968 probatione
875 1888 1051 1965 tradiderim,

47 1983 150 2036 nactus
168 1971 308 2052 puerilem
329 1972 539 2050 imagunculam
556 1975 619 2033 cius
637 1990 753 2034 aeream
775 1981 923 2051 veterem,
946 1973 1052 2034 ferreis
1061 1988 1090 2030 cn

49 2067 79 2118 et
94 2075 187 2138 paene
210 2058 265 2116 iam
282 2055 521 2118 exolescentibus
542 2056 646 2118 litteris
663 2056 721 2119 hoc
738 2060 854 2118 nomine
872 2054 1052 2137 inscriptam,

50 2159 124 2221 quae
148 2140 260 2200 donoa
284 2157 331 2198 me
358 2141 482 2218 principi
500 2140 565 2202 data
591 2143 666 2202 inter
689 2140 814 2202 cubiculi
830 2141 920 2202 Lares
937 2141 1052 2202 colitur.

32 2225 108 2287 ·Sed
132 2233 162 2284 et
186 2241 205 2290 a
229 2223 268 2284 tl.
292 2223 421 2283 Antonio
449 2225 478 2284 iu
501 2226 635 2304 epistolis
662 2244 716 2304 per
738 2225 941 2286 contumeliam
963 2242 1053 2304 saepe

50 2309 192 2370 'lhurinus
216 2306 394 2388 appellatur,
424 2309 536 2389 etipse
561 2309 631 2370 nihil
654 2308 777 2388 amplius
800 2327 885 2391 quam
901 2311 998 2370 mirari
1020 2327 1054 2368 se

49 2393 203 2470 rescribit,
232 2410 287 2472 pro
315 2390 476 2473 obprobrio
506 2392 560 2453 sibi
583 2395 663 2474 prius
691 2413 796 2455 nornen
819 2395 908 2455 obici.
947 2393 1090 2455 Posteass

50 2478 114 2541 ilai
140 2467 317 2539 Caesaris
340 2485 370 2537 et
392 2475 496 2538 deinde
521 2478 680 2555 Augusti
704 2496 869 2558 cognomen
887 2479 1053 2558 assumpsit,
1085 2548 1089 2554 .

49 2563 171 2626 alterum
188 2570 361 2624 testamento
378 2563 496 2624 maioris
514 2561 664 2640 avunculi,
688 2563 809 2624 alterum
829 2564 937 2625 llunati
954 2563 1054 2624 Planci
1098 2607 1101 2615 Δ

49 2648 212 2723 sententia,
235 2665 314 2725 cum,
336 2646 506 2725 quibusdam
523 2646 709 2708 censentibus
733 2647 887 2709 Romulum
910 2645 1054 2728 appellari
1099 2653 1102 2658 '

50 2739 192 2811 oportere
203 2733 285 2810 quasi
297 2739 327 2790 et
342 2733 436 2810 ipsum
458 2730 637 2793 conditorem
655 2732 751 2809 urbis,
773 2732 1002 2812 praevaluisset,
1024 2739 1055 2790 ut

26 2886 29 2894 ι
49 2816 199 2893 Augustus
218 2815 316 2894 potius
333 2824 505 2892 vocaretur,
524 2832 583 2876 non
600 2824 708 2876 tantum
725 2834 804 2877 novo
823 2817 875 2878 sed
897 2818 983 2878 etiam
998 2829 1089 2878 amec
1116 2827 1125 2840 ·

51 2900 147 2979 pliore
161 2901 351 2975 cognomine,
377 2899 467 2978 [quod
485 2898 553 2960 loca
567 2917 685 2980 quoque
701 2899 843 2978 religiosa
857 2909 887 2961 et
904 2903 933 2961 in
952 2899 1055 2981 quibus

50 2991 193 3060 augurato
205 2981 273 3060 qnid
287 2991 477 3044 consecratur
488 2994 610 3061 augusta
625 2984 774 3061 dieantur,
796 2985 832 3046 ab
848 2995 933 3048 auctu
952 2985 1000 3046 sel
1019 2983 1055 3045 ab

50 3069 144 3128 avium
170 3075 256 3154 gestu
279 3075 419 3145 gustuve,
440 3069 516 3128 sicut
548 3071 634 3129 etiam
660 3068 770 3129 Ennius
792 3070 881 3130 docet
907 3069 1054 3131 scribens:

104 3153 227 3227 Augusto
247 3157 363 3228 augurio
378 3161 526 3228 postquam
546 3159 647 3229 inclyto
669 3159 779 3215 condita
797 3159 888 3215 Romo
909 3155 971 3234 est]

25 3243 44 3298 8
118 3233 290 3310 Quadrimus
318 3244 429 3315 patrem
460 3238 563 3297 amisit.
596 3236 805 3298 Duodecimum
836 3257 939 3300 annum
965 3257 1089 3316 agens-ss

52 3319 144 3379 aviam
161 3318 261 3382 Iuliam
279 3319 443 3382 defunctam
461 3338 516 3401 pro
539 3323 676 3382 contione
693 3321 830 3384 laudarit.
860 3321 1055 3399 Quadriennio

52 3411 120 3480 post
140 3403 216 3465 virili
235 3413 305 3482 toga
322 3414 451 3484 sumpta,
474 3404 645 3467 militaribus
661 3406 747 3467 donis
764 3408 908 3488 triumpho
921 3407 1056 3486 Caesaris

49 3482 193 3548 Africano
212 3487 334 3550 donatus
352 3498 414 3568 est,
438 3507 600 3569 quanquam
618 3507 727 3572 expers
748 3491 820 3553 belli
838 3502 962 3575 propter
978 3502 1056 3556 aeta-
