2412 3876
69 201 118 451 J
134 221 173 282 10
225 230 254 279 o.
274 195 425 278 sonnour
441 225 569 287 renuo
584 227 632 274 nn
647 227 730 274 vrrs
746 226 931 276 osnsnuou
945 229 1015 276 uro.
1031 229 1054 278 1.

71 442 96 480 Ν
133 387 272 466 Campum
288 382 455 460 Stellatem,
476 382 633 443 maioribus
648 389 865 458 consecratum,
881 397 1040 462 agrumque
1056 381 1139 444 Gam-

57 487 96 534 ’ψ
134 489 255 552 panum,
277 468 313 528 ad
324 465 456 528 'subsidia
471 468 515 527 rei
531 465 665 546 publicae
681 465 856 541 vectigalem
873 466 1022 543 relictum,
1043 467 1141 528 divisit

135 565 216 616 extra
233 561 342 614 sortem
358 531 510 628 adbigiuti
525 549 639 610 milibus
655 549 773 625 oivinm,
789 548 894 627 quibus
909 552 984 610 terni
999 549 1140 630 pluresve

56 623 93 703 T':
134 639 219 700 liberi
241 643 349 696 essent.
393 634 568 694 Publicanos
590 633 789 694 remissionem
813 635 938 711 petentis
959 637 1043 696 tertia
1064 653 1138 696 mer·

135 722 237 784 cedum
260 728 342 800 parte
364 718 522 793 releuauit,
543 736 595 793 ao,
618 735 655 777 ne
675 718 704 776 in
723 715 870 776 locatione
890 734 1032 778 novorum
1047 720 1167 779 vecti-s

68 781 84 884 ξ
133 807 242 886 galium
264 801 471 863 inmoderatius
492 800 664 878 licerentnr,
693 799 845 880 propalam
868 803 986 861 monuit.
1030 799 1139 863 Cetera

60 879 81 978 ζ’
133 893 219 967 item,
243 905 316 968 quae
344 886 447 964 cuique
470 885 638 961 libuissent,
662 884 813 962 dilargitus
834 893 895 961 est,
920 885 1139 946 contradicente

47 985 78 1028 ’ἱ
133 975 229 1050 nullo,
251 991 302 1048 ao,
324 972 349 1030 si
366 979 519 1030 oonaretnr
540 970 620 1048 quis,
644 968 808 1029 absterrito.
852 967 981 1031 dlaroum
998 968 1139 1030 Catonem

39 1054 76 1133 'g
134 1055 368 1136 interpellantem
387 1053 500 1114 extrahi
521 1054 599 1113 ouria
617 1071 670 1131 per
688 1052 821 1112 lictorem
842 1052 966 1133 ducique
989 1055 1017 1113 in
1039 1072 1138 1114 carce·

59 1177 73 1217 1
133 1161 195 1204 rem
215 1139 305 1199 iussit.
350 1136 438 1196 Lucio
457 1136 576 1198 Lucullo
594 1135 714 1196 liberius
734 1137 882 1196 resistenti
905 1145 1012 1198 tantum
1033 1136 1139 1198 calum·
1151 1157 1170 1196 o

52 1233 68 1290 -1
133 1228 242 1287 uiarum
257 1228 363 1282 metum
379 1220 492 1297 iniecit,
513 1229 544 1280 ut
567 1219 602 1280 ad
617 1236 712 1298 genua
734 1218 809 1279 ultro
828 1217 883 1280 sibi
904 1220 1060 1282 accideret.
1093 1219 1139 1282 Gi-

135 1325 242 1372 cerone
262 1307 293 1366 iu
307 1303 414 1366 iudicio
436 1305 560 1383 quodam
575 1304 747 1384 deplorante
767 1313 929 1384 temporum
949 1315 1066 1383 statam,
1086 1305 1139 1366 l’u·

41 1383 56 1461 ‘J
134 1393 223 1454 blium
241 1387 373 1451 Clodium
390 1388 532 1448 inimicum
547 1390 627 1465 eius,
647 1388 754 1448 frustra
769 1391 825 1450 iam
841 1388 952 1468 pridem
976 1408 992 1452 a
1009 1389 1140 1469 patribus

134 1477 171 1538 ad
187 1474 303 1554 plebem
318 1473 441 1533 transire
456 1474 607 1548 nitentem,
626 1472 729 1532 eodem
745 1471 792 1532 die
806 1471 938 1552 horaque
955 1490 1030 1534 nona
1046 1483 1139 1534 traus-

135 1561 224 1621 duxit.
269 1555 420 1618 Postremo
439 1557 468 1615 in
488 1559 640 1617 universos
663 1555 797 1615 diversae
820 1556 956 1616 factionis
970 1558 1044 1594 *⁴³*
1059 1557 1172 1620 indu-15

137 1633 216 1706 otum⁴
233 1641 382 1722 praemiis,
409 1649 438 1700 ut
459 1659 492 1700 se
511 1639 548 1700 de
569 1639 720 1700 inferenda
740 1638 880 1718 Pompeio
902 1659 976 1702 nece
998 1640 1138 1702 sollicita·

134 1739 193 1788 tum
209 1745 225 1786 a
241 1723 409 1804 quibasdam
431 1725 633 1803 profiteretur,
655 1722 870 1802 productusque
894 1725 1070 1803 prorostris
1090 1742 1138 1785 au-

136 1821 234 1872 ctores
249 1828 287 1870 ex
305 1817 450 1888 conpacto
470 1809 644 1876 nominaret;
666 1807 720 1866 sed
740 1824 796 1867 uuo
816 1815 904 1886 atque
919 1809 1013 1870 altero
1030 1808 1139 1868 frustra
1204 1851 1205 1868 2

136 1915 190 1957 nec
213 1897 274 1955 sine
296 1893 465 1970 suspicione
486 1891 596 1952 fraudis
613 1893 780 1968 nominatis,
803 1891 964 1970 desperans
980 1900 1038 1953 tam
1054 1909 1138 1971 prae·

137 1981 231 2058 oipitis
248 1977 362 2038 consilii
373 1983 517 2050 eventum,
530 1975 723 2054 intercepisse
737 1993 851 2035 veneno
863 1973 987 2036 iudicem
1000 1976 1138 2037 ereditur.
1149 1994 1174 2035 ao
1204 1971 1205 1974 ’

93 2075 127 2127 21
152 2135 154 2143 ,
200 2063 258 2122 Sub
274 2060 349 2120 idem
361 2068 479 2140 tempus
491 2059 689 2138 Galpumiam,
705 2059 736 2120 L.
748 2059 862 2119 Pisonis
878 2059 964 2120 liliam
974 2061 1140 2121 successuri

136 2144 191 2206 sibi
211 2147 239 2203 iu
265 2143 442 2219 consulatu,¹
459 2143 539 2204 duxit
557 2159 695 2219 uxorem,
723 2160 877 2222 suamque,
899 2143 1014 2221 Iuliam,
1039 2143 1139 2206 Gnaeo

136 2228 277 2307 Pompeio
294 2226 478 2303 conlocavit,
501 2226 652 2305 repudiato
675 2228 775 2306 priore
791 2244 903 2306 sponso
919 2228 1047 2289 Servilio
1065 2227 1139 2288 (lae-
1200 2239 1203 2304 j

137 2314 239 2392 pioue,
262 2310 342 2370 ouius
366 2308 413 2370 vel
428 2311 587 2388 praecipua
606 2328 698 2389 opera
715 2311 802 2390 paulo
824 2319 889 2372 ante
904 2310 1036 2372 Bibulum
1055 2312 1139 2390 iupu·

136 2403 286 2474 graveret.
330 2395 376 2454 Ae
401 2402 468 2473 post
494 2411 598 2454 novam
623 2394 796 2454 adfinitatem
822 2394 989 2474 Pompeium
1017 2397 1201 2476 primumuj

136 2497 244 2557 rogare
266 2479 435 2538 sententiam
459 2479 573 2556 coepit,
600 2495 663 2537 cum
685 2477 821 2538 Crassum
847 2479 973 2556 soleret,
999 2489 1139 2559 essetque

137 2561 330 2638 consuetudo,
352 2569 383 2621 ut
403 2579 489 2640 quem
504 2561 633 2623 ordinem
650 2561 846 2640 interrogandi
862 2563 1019 2623 sententias
1034 2563 1139 2624 oonsul

137 2646 201 2706 llal.
216 2646 355 2706 Ianuariis
369 2645 555 2723 instituisset,
572 2663 637 2706 eum
652 2655 713 2706 toto
730 2663 804 2706 auno
821 2654 1018 2706 conservaret.
1137 2643 1142 2654 '

94 2741 129 2793 22
202 2729 314 2789 Socero
335 2727 421 2806 igitur
445 2747 617 2809 generoque
640 2729 879 2808 suffragantibus,
905 2749 944 2792 ex
969 2731 1045 2791 omui
1071 2748 1139 2811 pro·

136 2813 296 2874 vinciarum
312 2815 398 2890 eopia
410 2812 519 2874 Gallias
530 2814 707 2892 potissimum
723 2814 829 2892 elegit,
847 2814 927 2875 cuius
943 2814 1139 2875 emolumento
1149 2831 1174 2873 aa

137 2906 166 2958 et
188 2896 405 2975 opportunitate
427 2896 532 2958 idonea
555 2899 592 2957 sit
606 2898 724 2958 materia
744 2897 960 2976 triumphorum.
1004 2898 1042 2958 llt
1058 2898 1139 2958 initio

138 2979 252 3059 quidem
274 2977 394 3041 Galliam
415 2979 607 3059 Cisalpinam,
633 2981 752 3056 illyrico
776 2981 910 3058 adiecto,
934 2981 1002 3058 lege
1024 2983 1139 3043 Vatinia

137 3065 265 3142 aocepit;
282 3079 352 3124 mor
369 3082 422 3143 per
437 3074 565 3125 senatum
578 3064 725 3125 Comatam
743 3083 876 3144 quoque,
893 3066 993 3126 veritis
1009 3065 1140 3144 patribus

136 3167 187 3224 ne,
209 3149 234 3207 si
255 3149 313 3226 ipsi
329 3157 501 3226 negassent,
527 3149 653 3228 populus
674 3159 703 3208 et
723 3149 798 3210 bane
813 3147 904 3210 daret.
950 3149 1014 3224 Quo
1030 3149 1139 3227 gaudio

137 3232 228 3293 elatus
244 3248 302 3291 non
317 3234 504 3309 temperavit,
527 3234 594 3311 quin
610 3250 720 3311 paucos
736 3243 803 3311 post
817 3233 880 3294 dies
896 3234 1042 3313 frequenti
1059 3235 1137 3294 ouria
1149 3249 1177 3292 as·

135 3317 273 3391 iactaret,
304 3314 408 3377 iuoa‘tio
437 3321 466 3375 ct
491 3315 680 3394 pauentibus
710 3317 894 3377 aduersaris
931 3318 1075 3396 adeptum
1106 3333 1140 3377 aa
1174 3384 1180 3395 ,

136 3416 216 3476 quae
247 3399 460 3476 couertpiasct,
487 3398 619 3476 proinde
643 3418 682 3460 eo
707 3418 742 3460 co
764 3401 981 3462 insultaturum
1006 3402 1139 3462 omnium

137 3479 294 3560 capitibus
299 3506 314 3552 ,·
339 3499 374 3541 ae
394 3491 519 3558 negante
543 3482 665 3560 quodam
683 3501 736 3562 per
757 3485 957 3544 coutumeliam
973 3485 1060 3546 facile
1081 3484 1139 3548 hoo

978 3631 1071 3694 'insu
