2412 3876
458 232 666 281 rensuum.
914 229 1012 282 xcvu

102 411 182 452 usum
195 391 321 448 coniecta
339 398 367 448 et
381 408 418 448 ex
429 390 515 448 variis
527 389 607 448 libris
619 391 691 447 inter
706 391 853 462 legendum
866 397 1008 465 excerpta.

101 477 206 549 incipit
226 475 334 532 tandem
355 480 421 549 post
439 476 556 532 medinm
575 475 662 530 terme
679 482 785 548 partem
803 491 830 548 p.
846 480 945 543 etms
966 475 1010 531 in·

101 568 184 632 teger
203 558 422 616 differentiarum
437 559 551 614 libellus
566 558 665 614 alienis
684 559 768 614 rebus
784 574 838 614 non
854 559 1008 630 permixtus

102 651 133 700 ct
152 643 309 698 litterarum
333 643 431 699 ordine
454 643 487 698 ab
512 641 595 697 And
610 642 636 695 V
657 637 843 715 deductus⁸⁴).
890 643 947 698 Sed
962 643 1009 700 rel

102 745 136 784 ee
150 743 234 798 pars,
255 743 306 797 per
328 743 359 782 se
381 726 449 782 satis
465 725 637 796 aequabilis,
664 741 698 782 eo
714 725 902 797 suspicionem
918 732 1011 782 movet

102 811 178 882 quod
194 809 267 866 aliae
290 808 458 882 scriptiones
477 809 537 864 eins
552 809 665 880 generis
688 808 845 880 complures
863 810 1009 866 circumie-

4 899 6 960 ξ
101 897 220 962 rantur,
242 892 325 964 plane
350 893 478 963 gemiane
500 892 600 962 buius,
623 909 713 963 neqne
737 898 828 948 tamen
845 893 959 949 Remmii
982 899 1010 950 ot

4 963 6 984 '
103 975 232 1033 Suetonii
256 975 368 1032 sedvel
394 975 496 1033 isidori
516 976 562 1031 vel
586 976 688 1032 nullius
708 975 819 1032 nomiae
846 976 1009 1049 inscriptae.

102 1061 197 1130 Auget
215 1059 404 1131 suspicionem
425 1060 498 1131 quod
515 1058 661 1115 Ciceronis
681 1075 791 1131 quoqne
806 1066 835 1114 et
845 1060 967 1131 Vergilii
980 1061 1008 1116 in

103 1144 202 1199 eodem
226 1142 324 1198 codice
348 1142 524 1198 inveniuntur
545 1143 651 1199 similes
672 1143 779 1211 libelli,
806 1159 921 1214 quorum
940 1160 1008 1200 sane

4 1253 6 1258 ·
101 1226 205 1281 nullam
231 1241 295 1282 esse
318 1242 378 1280 cum
408 1225 464 1282 illis
495 1227 655 1282 auctoribus
678 1226 912 1282 necessitudinem
936 1227 1009 1282 inter

102 1325 200 1367 omnes
223 1303 386 1380 constant).
433 1309 558 1381 Denique
576 1309 602 1365 is
626 1309 739 1366 libellus
758 1315 904 1383 tantopere
921 1311 1008 1366 desti-

101 1394 189 1448 tuitur
205 1392 279 1448 omni
294 1392 454 1449 eruditione
469 1392 622 1462 solidiore,
644 1399 740 1449 contra
757 1409 789 1449 ea
805 1395 877 1450 adeo
893 1394 1009 1466 ineptiis

101 1482 202 1547 scatet,
220 1481 251 1530 ut
268 1492 322 1531 non
339 1476 422 1531 modo
439 1476 564 1532 Suetonii
580 1476 631 1531 sed
649 1493 684 1531 ne
700 1477 813 1532 Romani
831 1477 942 1548 quidem
958 1479 1009 1534 lno-

101 1559 183 1614 minis
201 1576 265 1616 esse
282 1559 381 1630 possit.
418 1558 490 1614 Vide
509 1560 591 1614 modo
608 1575 678 1628 quae
695 1577 722 1631 p.
738 1564 798 1628 307,
816 1565 833 1620 6
848 1562 883 1616 dc
898 1563 1008 1617 nomine

102 1643 177 1714 quod
195 1648 238 1698 est
252 1642 345 1710 bonos,
362 1659 389 1713 p.
408 1647 468 1710 308,
482 1649 512 1701 ll
529 1642 564 1696 de
580 1642 720 1698 adiectivo
735 1657 837 1698 aeneas
853 1645 898 1699 vel
914 1646 1008 1716 potius

101 1740 213 1797 census,
231 1744 260 1799 p.
279 1733 347 1797 309,
365 1731 400 1783 24
414 1726 448 1780 de
465 1725 653 1781 numeralibus
669 1726 723 1781 duo
744 1733 772 1781 et
786 1727 882 1798 ambo,
902 1744 931 1798 p.
946 1734 1009 1797 310,

102 1816 136 1870 18
152 1817 179 1865 et
194 1815 229 1867 24
244 1811 279 1865 dc
296 1808 407 1865 nornine
424 1823 486 1865 cors
508 1814 536 1864 et
557 1809 592 1864 de
610 1808 744 1865 adverbio
760 1824 876 1879 rursus,
900 1828 927 1882 p.
947 1815 1009 1879 318,

100 1898 135 1953 27
155 1893 189 1948 de
211 1895 291 1948 scriis
305 1894 390 1948 rebus
405 1899 525 1964 nugatur
540 1890 663 1948 misellus
684 1892 732 1947 ille
753 1893 959 1964 grammatista‚
982 1900 1009 1948 et

7 2027 9 2035 ,
103 1977 197 2033 statim
213 1977 248 2032 de
267 1975 406 2048 scriptore
424 1975 571 2031 vetustatis
585 1976 711 2046 cogitare
731 1975 859 2032 desieris.
892 1976 958 2034 Nam
974 1977 1008 2033 de

101 2060 232 2116 absurdis
261 2059 460 2116 vocabulorum
491 2058 647 2129 originibus
672 2059 769 2114 dicere
805 2063 1008 2132 praetermitto,

102 2159 163 2198 cum
180 2143 208 2197 in
224 2145 278 2198 hoc
293 2159 397 2212 genere
413 2144 458 2198 vel
481 2142 553 2214 apud
568 2141 776 2214 antiquissimos
798 2143 867 2200 nihil
889 2146 949 2202 iere
965 2144 1007 2200 in·

102 2225 239 2282 credibile
251 2226 296 2282 sit.

165 2309 257 2365 Nihilo
274 2308 361 2364 minus
377 2314 466 2365 tumen
478 2309 599 2380 vestigia
615 2310 746 2380 quaedum
762 2311 886 2367 melioris
902 2312 1007 2367 doctri-

5 2450 11 2465 ,
100 2411 155 2450 nee
172 2408 313 2463 agnosco,
336 2409 407 2463 quaa
423 2393 499 2449 tenui
516 2393 613 2448 saltem
632 2393 678 2448 illo
694 2394 841 2449 ostendant
859 2409 920 2449 cum
936 2396 1006 2450 anti-

102 2476 209 2548 quitate
236 2477 354 2532 Rouruna
383 2478 454 2531 banc
479 2475 659 2548 scriptionem
681 2476 822 2545 coniungi.
868 2476 935 2532 Tale
965 2483 1009 2532 est

37 2610 40 2615 Δ
99 2559 207 2630 Nigidii
223 2576 250 2631 p.
267 2565 329 2628 318,
344 2565 377 2617 21
394 2559 538 2615 frustulum
555 2576 686 2629 nusquam
705 2559 772 2615 alibi
788 2559 926 2629 oblatum,
943 2561 1007 2615 talis

102 2642 256 2700 auctoritas
275 2649 373 2714 p.310,
389 2649 423 2702 28
439 2640 661 2712 allataProcelli,
679 2659 760 2713 quem
776 2645 892 2700 eundem
908 2644 1007 2700 existi-

101 2745 177 2784 mare
198 2726 296 2781 licebit
313 2725 359 2795 qui
376 2727 539 2782 ‘Porcellus
555 2726 767 2796 grammaticus’
784 2728 857 2799 apud
873 2728 1008 2784 Senecam

101 2813 241 2868 rhetorem
257 2810 284 2864 in
299 2809 419 2866 secunda
434 2809 566 2866 Suasoris
582 2815 663 2882 p.14,
676 2816 709 2869 19
722 2811 800 2867 Burs.
813 2810 925 2882 dicitur,
941 2811 1007 2867 talin

4 2903 6 2912 ’
103 2911 174 2967 quae
190 2894 226 2949 de
242 2894 336 2948 lustris
356 2910 383 2965 p·
399 2900 461 2964 315,
477 2899 511 2953 13
529 2899 555 2948 et
570 2893 605 2948 de
619 2893 754 2968 adverbio
770 2895 845 2966 quod
861 2901 904 2950 est
918 2897 1008 2950 simitu

170 3072 218 3133 94)
240 3073 359 3137 Magnum
382 3072 477 3124 hiatum
494 3089 520 3139 p.
538 3073 595 3134 314,
615 3073 646 3124 10
661 3073 829 3137 significatum
845 3076 1007 3141 probabiliter

99 3141 227 3206 explebit,
253 3142 295 3203 qni
310 3141 420 3192 duanam
441 3142 621 3207 scriptionum,
641 3156 704 3206 quas
726 3143 800 3192 modo
818 3145 845 3193 in
863 3143 1006 3194 subsidium

99 3209 186 3259 critico
201 3209 330 3259 vocandos
346 3211 471 3269 diximus,
491 3217 661 3276 competentes
678 3212 815 3275 particulas
831 3211 1003 3276 conquisierit.

171 3278 216 3340 95)
237 3278 318 3328 Video
332 3287 416 3329 tamea
430 3279 559 3329 ciceronis
577 3293 728 3344 synonyme,
742 3280 853 3344 itemque
869 3279 944 3329 Plinii
960 3279 1005 3328 Se-

98 3345 177 3396 cundi
199 3347 253 3396 sive
269 3347 402 3397 Frontonis
426 3347 582 3397 differentias
598 3347 732 3398 verborum
753 3357 777 3398 et
799 3349 928 3400 nominum
946 3347 1004 3398 olim

4 3459 5 3488 ἰ
98 3415 255 3480 perscriptas
275 3414 354 3464 luisse
366 3417 399 3464 -in
418 3425 530 3466 extremo
553 3413 759 3475 libroGherisi13
784 3415 831 3469 cfr.
852 3417 884 3466 Α.
902 3415 953 3465 Mai
972 3414 1004 3464 sd

98 3483 251 3532 Frontonem
270 3499 295 3548 p.
313 3484 365 3534 416
380 3484 419 3533 ed.
433 3485 505 3534 Rom.

141 3569 279 3604 emeremus.
843 3570 862 3621 g
