<?xml version="1.0" encoding="UTF-8"?>
<!DOCTYPE html PUBLIC "-//W3C//DTD XHTML 1.0 Transitional//EN"
    "http://www.w3.org/TR/xhtml1/DTD/xhtml1-transitional.dtd">
<html xmlns="http://www.w3.org/1999/xhtml" xml:lang="en" lang="en">
 <head>
  <title>
</title>
<meta http-equiv="Content-Type" content="text/html;charset=utf-8" />
  <meta name='ocr-system' content='tesseract 3.04.00' />
  <meta name='ocr-capabilities' content='ocr_page ocr_carea ocr_par ocr_line ocrx_word'/>
</head>
<body>
  <div class='ocr_page' id='page_1' title='image "./csuetonitranqui00rothgoog_0266.png"; bbox 0 0 2444 3872; ppageno 0'>
   <div class='ocr_carea' id='block_1_1' title="bbox 96 141 1214 271">
    <p class='ocr_par' dir='ltr' id='par_1_1' title="bbox 96 141 1214 271">
     <span class='ocr_line' id='line_1_1' title="bbox 96 141 1214 271; baseline 0.001 -53"><span class='ocrx_word' id='word_1_1' title='bbox 96 156 155 219; x_wconf 87' lang='grc'><strong>156</strong></span> <span class='ocrx_word' id='word_1_2' title='bbox 187 141 999 254; x_wconf 53' lang='lat' dir='ltr'><strong>o.suurou1arnano.nnvrunoaesnuuumuu</strong></span> <span class='ocrx_word' id='word_1_3' title='bbox 1200 144 1214 271; x_wconf 65' lang='lat' dir='ltr'><strong>&#39;p</strong></span> 
     </span>
    </p>
   </div>
   <div class='ocr_carea' id='block_1_2' title="bbox 1 322 1221 3502">
    <p class='ocr_par' dir='ltr' id='par_1_2' title="bbox 93 322 1095 658">
     <span class='ocr_line' id='line_1_2' title="bbox 93 322 1095 405; baseline -0.001 -18"><span class='ocrx_word' id='word_1_4' title='bbox 93 327 182 388; x_wconf 88' lang='lat' dir='ltr'><strong>driam</strong></span> <span class='ocrx_word' id='word_1_5' title='bbox 198 323 300 384; x_wconf 88' lang='lat' dir='ltr'><strong>crediti</strong></span> <span class='ocrx_word' id='word_1_6' title='bbox 316 322 450 383; x_wconf 85' lang='lat' dir='ltr'><strong>servandi</strong></span> <span class='ocrx_word' id='word_1_7' title='bbox 466 341 553 385; x_wconf 86' lang='lat' dir='ltr'><strong>cansa</strong></span> <span class='ocrx_word' id='word_1_8' title='bbox 573 333 691 400; x_wconf 89' lang='lat' dir='ltr'><strong>secuto,</strong></span> <span class='ocrx_word' id='word_1_9' title='bbox 717 325 825 385; x_wconf 81' lang='lat' dir='ltr'><strong>crimen</strong></span> <span class='ocrx_word' id='word_1_10' title='bbox 840 325 998 384; x_wconf 87' lang='lat' dir='ltr'><strong>maiestatis</strong></span> <span class='ocrx_word' id='word_1_11' title='bbox 1015 325 1095 405; x_wconf 90' lang='lat' dir='ltr'><strong>apud</strong></span> 
     </span>
     <span class='ocr_line' id='line_1_3' title="bbox 93 407 1093 487; baseline -0.002 -17"><span class='ocrx_word' id='word_1_12' title='bbox 93 409 203 471; x_wconf 89' lang='lat' dir='ltr'><strong>indices</strong></span> <span class='ocrx_word' id='word_1_13' title='bbox 217 416 333 467; x_wconf 86' lang='lat' dir='ltr'><strong>motum.</strong></span> <span class='ocrx_word' id='word_1_14' title='bbox 360 407 462 468; x_wconf 90' lang='lat' dir='ltr'><strong>Plures</strong></span> <span class='ocrx_word' id='word_1_15' title='bbox 485 417 587 468; x_wconf 88' lang='lat' dir='ltr'><strong>notare</strong></span> <span class='ocrx_word' id='word_1_16' title='bbox 609 417 744 484; x_wconf 87' lang='lat' dir='ltr'><strong>conatus,</strong></span> <span class='ocrx_word' id='word_1_17' title='bbox 766 425 870 485; x_wconf 88' lang='lat' dir='ltr'><strong>magna</strong></span> <span class='ocrx_word' id='word_1_18' title='bbox 892 409 1093 487; x_wconf 76' lang='lat' dir='ltr'><strong>inquisitorum</strong></span> 
     </span>
     <span class='ocr_line' id='line_1_4' title="bbox 93 490 1093 572; baseline -0.005 -17"><span class='ocrx_word' id='word_1_19' title='bbox 93 492 279 572; x_wconf 75' lang='lat' dir='ltr'><strong>neglegentia</strong></span> <span class='ocrx_word' id='word_1_20' title='bbox 294 490 347 552; x_wconf 86' lang='lat' dir='ltr'><strong>sed</strong></span> <span class='ocrx_word' id='word_1_21' title='bbox 361 508 412 550; x_wconf 89' lang='lat' dir='ltr'><strong>suo</strong></span> <span class='ocrx_word' id='word_1_22' title='bbox 426 492 535 551; x_wconf 89' lang='lat' dir='ltr'><strong>maiore</strong></span> <span class='ocrx_word' id='word_1_23' title='bbox 547 491 709 569; x_wconf 86' lang='lat' dir='ltr'><strong>dedecore,</strong></span> <span class='ocrx_word' id='word_1_24' title='bbox 723 493 857 552; x_wconf 72' lang='lat' dir='ltr'><strong>munitos</strong></span> <span class='ocrx_word' id='word_1_25' title='bbox 872 491 935 550; x_wconf 88' lang='lat' dir='ltr'><strong>iere</strong></span> <span class='ocrx_word' id='word_1_26' title='bbox 948 494 1093 571; x_wconf 89' lang='lat' dir='ltr'><strong>repperit,</strong></span> 
     </span>
     <span class='ocr_line' id='line_1_5' title="bbox 93 573 1092 658; baseline -0.004 -20"><span class='ocrx_word' id='word_1_27' title='bbox 93 578 319 658; x_wconf 89' lang='lat' dir='ltr'><strong>quibuscumque</strong></span> <span class='ocrx_word' id='word_1_28' title='bbox 343 573 513 636; x_wconf 88' lang='lat' dir='ltr'><strong>caelibatum</strong></span> <span class='ocrx_word' id='word_1_29' title='bbox 534 585 583 636; x_wconf 91' lang='lat' dir='ltr'><strong>aut</strong></span> <span class='ocrx_word' id='word_1_30' title='bbox 593 575 753 636; x_wconf 83' lang='lat' dir='ltr'><strong>orbitatem</strong></span> <span class='ocrx_word' id='word_1_31' title='bbox 779 583 826 636; x_wconf 91' lang='lat' dir='ltr'><strong>aut</strong></span> <span class='ocrx_word' id='word_1_32' title='bbox 845 584 1007 653; x_wconf 71' lang='lat' dir='ltr'><strong>egestatem</strong></span> <span class='ocrx_word' id='word_1_33' title='bbox 1029 575 1092 636; x_wconf 94' lang='lat' dir='ltr'><strong>obi-</strong></span> 
     </span>
    </p>

    <p class='ocr_par' dir='ltr' id='par_1_3' title="bbox 21 659 1216 1414">
     <span class='ocr_line' id='line_1_6' title="bbox 21 659 1216 770; baseline -0.007 -46"><span class='ocrx_word' id='word_1_34' title='bbox 21 685 23 690; x_wconf 73' lang='grc'><strong>’</strong></span> <span class='ocrx_word' id='word_1_35' title='bbox 93 670 186 739; x_wconf 84' lang='lat' dir='ltr'><strong>cenet,</strong></span> <span class='ocrx_word' id='word_1_36' title='bbox 201 660 335 737; x_wconf 87' lang='lat' dir='ltr'><strong>maritos,</strong></span> <span class='ocrx_word' id='word_1_37' title='bbox 351 668 464 737; x_wconf 90' lang='lat' dir='ltr'><strong>patres,</strong></span> <span class='ocrx_word' id='word_1_38' title='bbox 480 659 635 737; x_wconf 89' lang='lat' dir='ltr'><strong>opulentos</strong></span> <span class='ocrx_word' id='word_1_39' title='bbox 651 678 683 720; x_wconf 84' lang='lat' dir='ltr'><strong>se</strong></span> <span class='ocrx_word' id='word_1_40' title='bbox 696 659 899 738; x_wconf 90' lang='lat' dir='ltr'><strong>probantibus;</strong></span> <span class='ocrx_word' id='word_1_41' title='bbox 913 677 949 719; x_wconf 93' lang='lat' dir='ltr'><strong>eo</strong></span> <span class='ocrx_word' id='word_1_42' title='bbox 965 659 1120 738; x_wconf 77' lang='lat' dir='ltr'><strong>quidem,s</strong></span> <span class='ocrx_word' id='word_1_43' title='bbox 1213 677 1216 770; x_wconf 70' lang='lat' dir='ltr'><strong>p</strong></span> 
     </span>
     <span class='ocr_line' id='line_1_7' title="bbox 91 743 1094 828; baseline -0.005 -21"><span class='ocrx_word' id='word_1_44' title='bbox 91 748 139 828; x_wconf 91' lang='lat' dir='ltr'><strong>qni</strong></span> <span class='ocrx_word' id='word_1_45' title='bbox 156 745 269 808; x_wconf 89' lang='lat' dir='ltr'><strong>sibimet</strong></span> <span class='ocrx_word' id='word_1_46' title='bbox 284 744 341 804; x_wconf 86' lang='lat' dir='ltr'><strong>viru</strong></span> <span class='ocrx_word' id='word_1_47' title='bbox 361 743 440 804; x_wconf 90' lang='lat' dir='ltr'><strong>ierro</strong></span> <span class='ocrx_word' id='word_1_48' title='bbox 461 743 591 804; x_wconf 86' lang='lat' dir='ltr'><strong>intulisse</strong></span> <span class='ocrx_word' id='word_1_49' title='bbox 612 743 803 821; x_wconf 80' lang='lat' dir='ltr'><strong>arguebatur,</strong></span> <span class='ocrx_word' id='word_1_50' title='bbox 826 744 966 803; x_wconf 88' lang='lat' dir='ltr'><strong>inlaesum</strong></span> <span class='ocrx_word' id='word_1_51' title='bbox 982 761 1094 822; x_wconf 87' lang='lat' dir='ltr'><strong>corpus</strong></span> 
     </span>
     <span class='ocr_line' id='line_1_8' title="bbox 91 826 1094 907; baseline -0.006 -15"><span class='ocrx_word' id='word_1_52' title='bbox 91 839 174 893; x_wconf 82' lang='lat' dir='ltr'><strong>reste</strong></span> <span class='ocrx_word' id='word_1_53' title='bbox 197 829 331 907; x_wconf 88' lang='lat' dir='ltr'><strong>deposita</strong></span> <span class='ocrx_word' id='word_1_54' title='bbox 354 836 526 888; x_wconf 84' lang='lat' dir='ltr'><strong>ostentante.</strong></span> <span class='ocrx_word' id='word_1_55' title='bbox 570 827 697 888; x_wconf 89' lang='lat' dir='ltr'><strong>Fuerunt</strong></span> <span class='ocrx_word' id='word_1_56' title='bbox 718 837 747 887; x_wconf 92' lang='lat' dir='ltr'><strong>et</strong></span> <span class='ocrx_word' id='word_1_57' title='bbox 768 826 818 888; x_wconf 93' lang='lat' dir='ltr'><strong>illa</strong></span> <span class='ocrx_word' id='word_1_58' title='bbox 841 828 870 886; x_wconf 95' lang='lat' dir='ltr'><strong>in</strong></span> <span class='ocrx_word' id='word_1_59' title='bbox 889 845 1011 889; x_wconf 81' lang='lat' dir='ltr'><strong>censura</strong></span> <span class='ocrx_word' id='word_1_60' title='bbox 1028 829 1094 887; x_wconf 90' lang='lat' dir='ltr'><strong>eius</strong></span> 
     </span>
     <span class='ocr_line' id='line_1_9' title="bbox 91 909 1094 991; baseline -0.005 -15"><span class='ocrx_word' id='word_1_61' title='bbox 91 913 243 990; x_wconf 85' lang='lat' dir='ltr'><strong>notabilia,</strong></span> <span class='ocrx_word' id='word_1_62' title='bbox 265 909 342 991; x_wconf 92' lang='lat' dir='ltr'><strong>quod</strong></span> <span class='ocrx_word' id='word_1_63' title='bbox 362 910 494 972; x_wconf 88' lang='lat' dir='ltr'><strong>essedum</strong></span> <span class='ocrx_word' id='word_1_64' title='bbox 517 921 703 988; x_wconf 89' lang='lat' dir='ltr'><strong>argenteum,</strong></span> <span class='ocrx_word' id='word_1_65' title='bbox 731 920 899 990; x_wconf 89' lang='lat' dir='ltr'><strong>sumptuose</strong></span> <span class='ocrx_word' id='word_1_66' title='bbox 921 909 1094 972; x_wconf 84' lang='lat' dir='ltr'><strong>fabricatum</strong></span> 
     </span>
     <span class='ocr_line' id='line_1_10' title="bbox 91 994 1093 1075; baseline -0.007 -14"><span class='ocrx_word' id='word_1_67' title='bbox 91 1018 128 1061; x_wconf 90' lang='lat' dir='ltr'><strong>ao</strong></span> <span class='ocrx_word' id='word_1_68' title='bbox 142 997 246 1058; x_wconf 88' lang='lat' dir='ltr'><strong>venale</strong></span> <span class='ocrx_word' id='word_1_69' title='bbox 262 995 298 1057; x_wconf 91' lang='lat' dir='ltr'><strong>ad</strong></span> <span class='ocrx_word' id='word_1_70' title='bbox 314 995 476 1072; x_wconf 86' lang='lat' dir='ltr'><strong>Sigillaria,</strong></span> <span class='ocrx_word' id='word_1_71' title='bbox 498 995 598 1056; x_wconf 83' lang='lat' dir='ltr'><strong>redimi</strong></span> <span class='ocrx_word' id='word_1_72' title='bbox 615 994 786 1074; x_wconf 89' lang='lat' dir='ltr'><strong>concidique</strong></span> <span class='ocrx_word' id='word_1_73' title='bbox 803 1012 901 1055; x_wconf 89' lang='lat' dir='ltr'><strong>coram</strong></span> <span class='ocrx_word' id='word_1_74' title='bbox 913 996 1093 1075; x_wconf 74' lang='lat' dir='ltr'><strong>,imperavit;</strong></span> 
     </span>
     <span class='ocr_line' id='line_1_11' title="bbox 92 1077 1131 1163; baseline -0.007 -20"><span class='ocrx_word' id='word_1_75' title='bbox 92 1082 228 1163; x_wconf 92' lang='lat' dir='ltr'><strong>quodque</strong></span> <span class='ocrx_word' id='word_1_76' title='bbox 242 1097 299 1140; x_wconf 93' lang='lat' dir='ltr'><strong>uno</strong></span> <span class='ocrx_word' id='word_1_77' title='bbox 315 1078 361 1138; x_wconf 89' lang='lat' dir='ltr'><strong>die</strong></span> <span class='ocrx_word' id='word_1_78' title='bbox 374 1077 430 1138; x_wconf 86' lang='lat' dir='ltr'><strong>XX</strong></span> <span class='ocrx_word' id='word_1_79' title='bbox 444 1079 538 1138; x_wconf 88' lang='lat' dir='ltr'><strong>edicta</strong></span> <span class='ocrx_word' id='word_1_80' title='bbox 554 1081 722 1158; x_wconf 86' lang='lat' dir='ltr'><strong>proposuit,</strong></span> <span class='ocrx_word' id='word_1_81' title='bbox 744 1080 818 1139; x_wconf 92' lang='lat' dir='ltr'><strong>inter</strong></span> <span class='ocrx_word' id='word_1_82' title='bbox 832 1098 906 1158; x_wconf 89' lang='lat' dir='ltr'><strong>quae</strong></span> <span class='ocrx_word' id='word_1_83' title='bbox 922 1079 995 1157; x_wconf 89' lang='lat' dir='ltr'><strong>duo,</strong></span> <span class='ocrx_word' id='word_1_84' title='bbox 1022 1097 1093 1158; x_wconf 91' lang='lat' dir='ltr'><strong>quo·</strong></span> <span class='ocrx_word' id='word_1_85' title='bbox 1103 1095 1131 1136; x_wconf 80' lang='lat' dir='ltr'><strong>ro</strong></span> 
     </span>
     <span class='ocr_line' id='line_1_12' title="bbox 92 1162 1095 1241; baseline -0.004 -14"><span class='ocrx_word' id='word_1_86' title='bbox 92 1185 154 1228; x_wconf 91' lang='lat' dir='ltr'><strong>rum</strong></span> <span class='ocrx_word' id='word_1_87' title='bbox 166 1165 257 1226; x_wconf 89' lang='lat' dir='ltr'><strong>altero</strong></span> <span class='ocrx_word' id='word_1_88' title='bbox 268 1162 453 1239; x_wconf 91' lang='lat' dir='ltr'><strong>admonebat,</strong></span> <span class='ocrx_word' id='word_1_89' title='bbox 470 1170 498 1221; x_wconf 92' lang='lat' dir='ltr'><strong>ut</strong></span> <span class='ocrx_word' id='word_1_90' title='bbox 514 1162 595 1221; x_wconf 89' lang='lat' dir='ltr'><strong>uberi</strong></span> <span class='ocrx_word' id='word_1_91' title='bbox 609 1165 756 1222; x_wconf 89' lang='lat' dir='ltr'><strong>vinearum</strong></span> <span class='ocrx_word' id='word_1_92' title='bbox 772 1163 1001 1241; x_wconf 84' lang='lat' dir='ltr'><strong>proventubene</strong></span> <span class='ocrx_word' id='word_1_93' title='bbox 1016 1163 1095 1223; x_wconf 91' lang='lat' dir='ltr'><strong>dolia</strong></span> 
     </span>
     <span class='ocr_line' id='line_1_13' title="bbox 92 1244 1094 1331; baseline -0.003 -21"><span class='ocrx_word' id='word_1_94' title='bbox 92 1251 272 1331; x_wconf 85' lang='lat' dir='ltr'><strong>picarentur;</strong></span> <span class='ocrx_word' id='word_1_95' title='bbox 293 1247 404 1323; x_wconf 85' lang='lat' dir='ltr'><strong>altero,</strong></span> <span class='ocrx_word' id='word_1_96' title='bbox 431 1244 501 1305; x_wconf 92' lang='lat' dir='ltr'><strong>nihil</strong></span> <span class='ocrx_word' id='word_1_97' title='bbox 520 1263 613 1325; x_wconf 91' lang='lat' dir='ltr'><strong>aeque</strong></span> <span class='ocrx_word' id='word_1_98' title='bbox 635 1246 734 1307; x_wconf 87' lang='lat' dir='ltr'><strong>lacere</strong></span> <span class='ocrx_word' id='word_1_99' title='bbox 762 1246 798 1307; x_wconf 89' lang='lat' dir='ltr'><strong>ad</strong></span> <span class='ocrx_word' id='word_1_100' title='bbox 823 1249 942 1327; x_wconf 86' lang='lat' dir='ltr'><strong>viperae</strong></span> <span class='ocrx_word' id='word_1_101' title='bbox 966 1265 1094 1308; x_wconf 89' lang='lat' dir='ltr'><strong>morsum</strong></span> 
     </span>
     <span class='ocr_line' id='line_1_14' title="bbox 94 1329 506 1414; baseline -0.015 -20"><span class='ocrx_word' id='word_1_102' title='bbox 94 1353 177 1414; x_wconf 87' lang='lat' dir='ltr'><strong>quarn</strong></span> <span class='ocrx_word' id='word_1_103' title='bbox 195 1332 253 1392; x_wconf 84' lang='lat' dir='ltr'><strong>taxi</strong></span> <span class='ocrx_word' id='word_1_104' title='bbox 269 1329 382 1391; x_wconf 90' lang='lat' dir='ltr'><strong>arboris</strong></span> <span class='ocrx_word' id='word_1_105' title='bbox 398 1347 506 1390; x_wconf 89' lang='lat' dir='ltr'><strong>sucum.</strong></span> 
     </span>
    </p>

    <p class='ocr_par' dir='ltr' id='par_1_4' title="bbox 54 1414 1129 1748">
     <span class='ocr_line' id='line_1_15' title="bbox 54 1414 1092 1494; baseline -0.005 -17"><span class='ocrx_word' id='word_1_106' title='bbox 54 1429 83 1485; x_wconf 85' lang='lat'><strong>17</strong></span> <span class='ocrx_word' id='word_1_107' title='bbox 154 1414 375 1494; x_wconf 85' lang='lat' dir='ltr'><strong>Expeditionem</strong></span> <span class='ocrx_word' id='word_1_108' title='bbox 395 1432 478 1475; x_wconf 89' lang='lat' dir='ltr'><strong>unam</strong></span> <span class='ocrx_word' id='word_1_109' title='bbox 501 1415 616 1474; x_wconf 91' lang='lat' dir='ltr'><strong>omnino</strong></span> <span class='ocrx_word' id='word_1_110' title='bbox 635 1417 780 1494; x_wconf 85' lang='lat' dir='ltr'><strong>suscepit,</strong></span> <span class='ocrx_word' id='word_1_111' title='bbox 804 1433 926 1494; x_wconf 88' lang='lat' dir='ltr'><strong>eamque</strong></span> <span class='ocrx_word' id='word_1_112' title='bbox 941 1415 1092 1475; x_wconf 81' lang='lat' dir='ltr'><strong>modicam.</strong></span> 
     </span>
     <span class='ocr_line' id='line_1_16' title="bbox 94 1498 1129 1579; baseline -0.005 -16"><span class='ocrx_word' id='word_1_113' title='bbox 94 1501 179 1578; x_wconf 83' lang='lat' dir='ltr'><strong>Cum,</strong></span> <span class='ocrx_word' id='word_1_114' title='bbox 196 1500 322 1560; x_wconf 87' lang='lat' dir='ltr'><strong>decretis</strong></span> <span class='ocrx_word' id='word_1_115' title='bbox 338 1498 393 1559; x_wconf 91' lang='lat' dir='ltr'><strong>sihi</strong></span> <span class='ocrx_word' id='word_1_116' title='bbox 408 1517 425 1559; x_wconf 93' lang='lat' dir='ltr'><strong>a</strong></span> <span class='ocrx_word' id='word_1_117' title='bbox 439 1508 539 1559; x_wconf 90' lang='lat' dir='ltr'><strong>senatu</strong></span> <span class='ocrx_word' id='word_1_118' title='bbox 557 1499 732 1559; x_wconf 89' lang='lat' dir='ltr'><strong>ornamentis</strong></span> <span class='ocrx_word' id='word_1_119' title='bbox 747 1499 984 1579; x_wconf 82' lang='lat' dir='ltr'><strong>triumphalibus,</strong></span> <span class='ocrx_word' id='word_1_120' title='bbox 1001 1498 1129 1559; x_wconf 83' lang='lat' dir='ltr'><strong>levio-1⁵</strong></span> 
     </span>
     <span class='ocr_line' id='line_1_17' title="bbox 92 1577 1095 1662; baseline -0.007 -15"><span class='ocrx_word' id='word_1_121' title='bbox 92 1604 154 1647; x_wconf 90' lang='lat' dir='ltr'><strong>rem</strong></span> <span class='ocrx_word' id='word_1_122' title='bbox 176 1583 316 1645; x_wconf 90' lang='lat' dir='ltr'><strong>maiestati</strong></span> <span class='ocrx_word' id='word_1_123' title='bbox 344 1583 496 1662; x_wconf 90' lang='lat' dir='ltr'><strong>principali</strong></span> <span class='ocrx_word' id='word_1_124' title='bbox 517 1577 626 1642; x_wconf 86' lang='lat' dir='ltr'><strong>titulum</strong></span> <span class='ocrx_word' id='word_1_125' title='bbox 648 1581 835 1643; x_wconf 89' lang='lat' dir='ltr'><strong>arbitraretur</strong></span> <span class='ocrx_word' id='word_1_126' title='bbox 858 1582 1007 1662; x_wconf 87' lang='lat' dir='ltr'><strong>velletque</strong></span> <span class='ocrx_word' id='word_1_127' title='bbox 1027 1583 1095 1643; x_wconf 91' lang='lat' dir='ltr'><strong>iusti</strong></span> 
     </span>
     <span class='ocr_line' id='line_1_18' title="bbox 93 1666 1093 1748; baseline -0.007 -16"><span class='ocrx_word' id='word_1_128' title='bbox 93 1667 227 1748; x_wconf 90' lang='lat' dir='ltr'><strong>triumphi</strong></span> <span class='ocrx_word' id='word_1_129' title='bbox 238 1667 344 1742; x_wconf 89' lang='lat' dir='ltr'><strong>decus,</strong></span> <span class='ocrx_word' id='word_1_130' title='bbox 359 1667 432 1726; x_wconf 91' lang='lat' dir='ltr'><strong>unde</strong></span> <span class='ocrx_word' id='word_1_131' title='bbox 442 1666 607 1746; x_wconf 88' lang='lat' dir='ltr'><strong>adquireret</strong></span> <span class='ocrx_word' id='word_1_132' title='bbox 618 1666 790 1726; x_wconf 90' lang='lat' dir='ltr'><strong>Britanniam</strong></span> <span class='ocrx_word' id='word_1_133' title='bbox 804 1667 983 1745; x_wconf 87' lang='lat' dir='ltr'><strong>potissimum</strong></span> <span class='ocrx_word' id='word_1_134' title='bbox 991 1666 1093 1744; x_wconf 90' lang='lat' dir='ltr'><strong>elegit,</strong></span> 
     </span>
    </p>

    <p class='ocr_par' dir='ltr' id='par_1_5' title="bbox 9 1749 1132 2081">
     <span class='ocr_line' id='line_1_19' title="bbox 9 1749 1095 1834; baseline -0.006 -19"><span class='ocrx_word' id='word_1_135' title='bbox 9 1783 13 1790; x_wconf 94' lang='lat'><em>·</em></span> <span class='ocrx_word' id='word_1_136' title='bbox 92 1773 188 1834; x_wconf 86' lang='lat' dir='ltr'><strong>neque</strong></span> <span class='ocrx_word' id='word_1_137' title='bbox 206 1759 372 1828; x_wconf 87' lang='lat' dir='ltr'><strong>temptatam</strong></span> <span class='ocrx_word' id='word_1_138' title='bbox 388 1750 437 1810; x_wconf 93' lang='lat' dir='ltr'><strong>ulli</strong></span> <span class='ocrx_word' id='word_1_139' title='bbox 456 1760 522 1829; x_wconf 90' lang='lat' dir='ltr'><strong>post</strong></span> <span class='ocrx_word' id='word_1_140' title='bbox 532 1750 636 1811; x_wconf 85' lang='lat' dir='ltr'><strong>Divum</strong></span> <span class='ocrx_word' id='word_1_141' title='bbox 648 1749 748 1810; x_wconf 89' lang='lat' dir='ltr'><strong>lulium</strong></span> <span class='ocrx_word' id='word_1_142' title='bbox 760 1759 788 1810; x_wconf 92' lang='lat' dir='ltr'><strong>et</strong></span> <span class='ocrx_word' id='word_1_143' title='bbox 803 1759 869 1810; x_wconf 87' lang='lat' dir='ltr'><strong>tunc</strong></span> <span class='ocrx_word' id='word_1_144' title='bbox 878 1749 1095 1810; x_wconf 89' lang='lat' dir='ltr'><strong>tumultuantem</strong></span> 
     </span>
     <span class='ocr_line' id='line_1_20' title="bbox 93 1832 1094 1911; baseline -0.008 -11"><span class='ocrx_word' id='word_1_145' title='bbox 93 1839 131 1908; x_wconf 93' lang='lat' dir='ltr'><strong>ob</strong></span> <span class='ocrx_word' id='word_1_146' title='bbox 141 1854 198 1898; x_wconf 93' lang='lat' dir='ltr'><strong>non</strong></span> <span class='ocrx_word' id='word_1_147' title='bbox 207 1834 336 1896; x_wconf 89' lang='lat' dir='ltr'><strong>redditos</strong></span> <span class='ocrx_word' id='word_1_148' title='bbox 351 1835 524 1911; x_wconf 79' lang='lat' dir='ltr'><strong>transfugas.</strong></span> <span class='ocrx_word' id='word_1_149' title='bbox 543 1834 606 1894; x_wconf 90' lang='lat' dir='ltr'><strong>Huc</strong></span> <span class='ocrx_word' id='word_1_150' title='bbox 618 1852 680 1895; x_wconf 91' lang='lat' dir='ltr'><strong>cum</strong></span> <span class='ocrx_word' id='word_1_151' title='bbox 690 1834 725 1894; x_wconf 93' lang='lat' dir='ltr'><strong>ab</strong></span> <span class='ocrx_word' id='word_1_152' title='bbox 737 1834 817 1895; x_wconf 87' lang='lat' dir='ltr'><strong>Ostia</strong></span> <span class='ocrx_word' id='word_1_153' title='bbox 826 1835 992 1911; x_wconf 84' lang='lat' dir='ltr'><strong>navigaret,</strong></span> <span class='ocrx_word' id='word_1_154' title='bbox 1005 1832 1094 1893; x_wconf 83' lang='lat' dir='ltr'><strong>vehe-</strong></span> 
     </span>
     <span class='ocr_line' id='line_1_21' title="bbox 92 1916 1132 1997; baseline -0.013 -14"><span class='ocrx_word' id='word_1_155' title='bbox 92 1923 179 1983; x_wconf 90' lang='lat' dir='ltr'><strong>menti</strong></span> <span class='ocrx_word' id='word_1_156' title='bbox 193 1921 282 1982; x_wconf 90' lang='lat' dir='ltr'><strong>oircio</strong></span> <span class='ocrx_word' id='word_1_157' title='bbox 295 1916 340 1979; x_wconf 92' lang='lat' dir='ltr'><strong>bis</strong></span> <span class='ocrx_word' id='word_1_158' title='bbox 355 1937 448 1997; x_wconf 89' lang='lat' dir='ltr'><strong>paene</strong></span> <span class='ocrx_word' id='word_1_159' title='bbox 461 1918 610 1978; x_wconf 89' lang='lat' dir='ltr'><strong>demersus</strong></span> <span class='ocrx_word' id='word_1_160' title='bbox 623 1927 678 1993; x_wconf 91' lang='lat' dir='ltr'><strong>est,</strong></span> <span class='ocrx_word' id='word_1_161' title='bbox 693 1935 787 1997; x_wconf 91' lang='lat' dir='ltr'><strong>prope</strong></span> <span class='ocrx_word' id='word_1_162' title='bbox 799 1918 943 1995; x_wconf 84' lang='lat' dir='ltr'><strong>Liguriam</strong></span> <span class='ocrx_word' id='word_1_163' title='bbox 955 1919 1094 1994; x_wconf 82' lang='lat' dir='ltr'><strong>iuxtaque</strong></span> <span class='ocrx_word' id='word_1_164' title='bbox 1103 1930 1132 1970; x_wconf 82' lang='lat' dir='ltr'><strong>ao</strong></span> 
     </span>
     <span class='ocr_line' id='line_1_22' title="bbox 93 2001 1094 2081; baseline -0.008 -15"><span class='ocrx_word' id='word_1_165' title='bbox 93 2004 273 2066; x_wconf 88' lang='lat' dir='ltr'><strong>Stoechadas</strong></span> <span class='ocrx_word' id='word_1_166' title='bbox 289 2002 408 2062; x_wconf 87' lang='lat' dir='ltr'><strong>insulas.</strong></span> <span class='ocrx_word' id='word_1_167' title='bbox 437 2002 534 2077; x_wconf 78' lang='lat' dir='ltr'><strong>Quare</strong></span> <span class='ocrx_word' id='word_1_168' title='bbox 550 2021 567 2062; x_wconf 90' lang='lat' dir='ltr'><strong>a</strong></span> <span class='ocrx_word' id='word_1_169' title='bbox 581 2001 709 2062; x_wconf 82' lang='lat' dir='ltr'><strong>blaesilla</strong></span> <span class='ocrx_word' id='word_1_170' title='bbox 731 2001 918 2063; x_wconf 86' lang='lat' dir='ltr'><strong>Gesoriacum</strong></span> <span class='ocrx_word' id='word_1_171' title='bbox 934 2019 1025 2081; x_wconf 89' lang='lat' dir='ltr'><strong>usqne</strong></span> <span class='ocrx_word' id='word_1_172' title='bbox 1043 2018 1094 2078; x_wconf 93' lang='lat' dir='ltr'><strong>pe·</strong></span> 
     </span>
    </p>

    <p class='ocr_par' dir='ltr' id='par_1_6' title="bbox 1 2084 1131 2750">
     <span class='ocr_line' id='line_1_23' title="bbox 1 2084 1095 2162; baseline -0.005 -12"><span class='ocrx_word' id='word_1_173' title='bbox 1 2133 5 2142; x_wconf 37' lang='lat'><strong>⁴</strong></span> <span class='ocrx_word' id='word_1_174' title='bbox 94 2089 184 2150; x_wconf 87' lang='lat' dir='ltr'><strong>destri</strong></span> <span class='ocrx_word' id='word_1_175' title='bbox 200 2089 301 2147; x_wconf 89' lang='lat' dir='ltr'><strong>itinere</strong></span> <span class='ocrx_word' id='word_1_176' title='bbox 318 2086 470 2162; x_wconf 86' lang='lat' dir='ltr'><strong>conlecto,</strong></span> <span class='ocrx_word' id='word_1_177' title='bbox 491 2085 558 2145; x_wconf 92' lang='lat' dir='ltr'><strong>inde</strong></span> <span class='ocrx_word' id='word_1_178' title='bbox 575 2087 744 2162; x_wconf 90' lang='lat' dir='ltr'><strong>transmisit,</strong></span> <span class='ocrx_word' id='word_1_179' title='bbox 758 2104 797 2146; x_wconf 91' lang='lat' dir='ltr'><strong>ao</strong></span> <span class='ocrx_word' id='word_1_180' title='bbox 813 2088 874 2145; x_wconf 89' lang='lat' dir='ltr'><strong>sine</strong></span> <span class='ocrx_word' id='word_1_181' title='bbox 895 2084 955 2146; x_wconf 93' lang='lat' dir='ltr'><strong>ullo</strong></span> <span class='ocrx_word' id='word_1_182' title='bbox 978 2084 1095 2162; x_wconf 93' lang='lat' dir='ltr'><strong>proelio</strong></span> 
     </span>
     <span class='ocr_line' id='line_1_24' title="bbox 94 2168 1096 2248; baseline -0.007 -14"><span class='ocrx_word' id='word_1_183' title='bbox 94 2182 140 2233; x_wconf 91' lang='lat' dir='ltr'><strong>aut</strong></span> <span class='ocrx_word' id='word_1_184' title='bbox 152 2171 292 2247; x_wconf 91' lang='lat' dir='ltr'><strong>sanguine</strong></span> <span class='ocrx_word' id='word_1_185' title='bbox 303 2171 377 2230; x_wconf 91' lang='lat' dir='ltr'><strong>intra</strong></span> <span class='ocrx_word' id='word_1_186' title='bbox 389 2171 579 2248; x_wconf 87' lang='lat' dir='ltr'><strong>paucissimos</strong></span> <span class='ocrx_word' id='word_1_187' title='bbox 590 2170 653 2229; x_wconf 91' lang='lat' dir='ltr'><strong>dies</strong></span> <span class='ocrx_word' id='word_1_188' title='bbox 666 2179 748 2248; x_wconf 88' lang='lat' dir='ltr'><strong>parte</strong></span> <span class='ocrx_word' id='word_1_189' title='bbox 756 2168 867 2230; x_wconf 89' lang='lat' dir='ltr'><strong>insulae</strong></span> <span class='ocrx_word' id='word_1_190' title='bbox 879 2171 907 2228; x_wconf 93' lang='lat' dir='ltr'><strong>in</strong></span> <span class='ocrx_word' id='word_1_191' title='bbox 919 2168 1096 2228; x_wconf 89' lang='lat' dir='ltr'><strong>deditionem</strong></span> 
     </span>
     <span class='ocr_line' id='line_1_25' title="bbox 93 2252 1096 2332; baseline -0.005 -17"><span class='ocrx_word' id='word_1_192' title='bbox 93 2262 232 2332; x_wconf 89' lang='lat' dir='ltr'><strong>recepta,</strong></span> <span class='ocrx_word' id='word_1_193' title='bbox 257 2261 342 2312; x_wconf 88' lang='lat' dir='ltr'><strong>sexto</strong></span> <span class='ocrx_word' id='word_1_194' title='bbox 368 2269 451 2331; x_wconf 90' lang='lat' dir='ltr'><strong>qnam</strong></span> <span class='ocrx_word' id='word_1_195' title='bbox 475 2252 624 2332; x_wconf 86' lang='lat' dir='ltr'><strong>proiectus</strong></span> <span class='ocrx_word' id='word_1_196' title='bbox 649 2262 710 2313; x_wconf 92' lang='lat' dir='ltr'><strong>erat</strong></span> <span class='ocrx_word' id='word_1_197' title='bbox 733 2271 833 2312; x_wconf 88' lang='lat' dir='ltr'><strong>mense</strong></span> <span class='ocrx_word' id='word_1_198' title='bbox 852 2253 973 2313; x_wconf 86' lang='lat' dir='ltr'><strong>Romam</strong></span> <span class='ocrx_word' id='word_1_199' title='bbox 999 2252 1096 2329; x_wconf 93' lang='lat' dir='ltr'><strong>rediit,</strong></span> 
     </span>
     <span class='ocr_line' id='line_1_26' title="bbox 93 2335 1131 2416; baseline -0.009 -18"><span class='ocrx_word' id='word_1_200' title='bbox 93 2337 333 2416; x_wconf 82' lang='lat' dir='ltr'><strong>triumphauitque</strong></span> <span class='ocrx_word' id='word_1_201' title='bbox 346 2336 469 2396; x_wconf 87' lang='lat' dir='ltr'><strong>maximo</strong></span> <span class='ocrx_word' id='word_1_202' title='bbox 485 2344 633 2415; x_wconf 88' lang='lat' dir='ltr'><strong>apparatu.</strong></span> <span class='ocrx_word' id='word_1_203' title='bbox 654 2335 701 2396; x_wconf 82' lang='lat' dir='ltr'><strong>Ad</strong></span> <span class='ocrx_word' id='word_1_204' title='bbox 713 2337 792 2396; x_wconf 87' lang='lat' dir='ltr'><strong>ouius</strong></span> <span class='ocrx_word' id='word_1_205' title='bbox 805 2336 1002 2415; x_wconf 89' lang='lat' dir='ltr'><strong>spectaculum</strong></span> <span class='ocrx_word' id='word_1_206' title='bbox 1017 2352 1094 2395; x_wconf 90' lang='lat' dir='ltr'><strong>com·</strong></span> <span class='ocrx_word' id='word_1_207' title='bbox 1105 2349 1131 2389; x_wconf 77' lang='lat'><strong>2⁵</strong></span> 
     </span>
     <span class='ocr_line' id='line_1_27' title="bbox 93 2419 1095 2498; baseline -0.007 -14"><span class='ocrx_word' id='word_1_208' title='bbox 93 2439 191 2484; x_wconf 88' lang='lat' dir='ltr'><strong>meare</strong></span> <span class='ocrx_word' id='word_1_209' title='bbox 206 2421 234 2479; x_wconf 93' lang='lat' dir='ltr'><strong>in</strong></span> <span class='ocrx_word' id='word_1_210' title='bbox 248 2419 348 2480; x_wconf 90' lang='lat' dir='ltr'><strong>urbem</strong></span> <span class='ocrx_word' id='word_1_211' title='bbox 359 2437 417 2480; x_wconf 92' lang='lat' dir='ltr'><strong>non</strong></span> <span class='ocrx_word' id='word_1_212' title='bbox 429 2419 522 2480; x_wconf 89' lang='lat' dir='ltr'><strong>solum</strong></span> <span class='ocrx_word' id='word_1_213' title='bbox 536 2419 717 2498; x_wconf 90' lang='lat' dir='ltr'><strong>praesidibus</strong></span> <span class='ocrx_word' id='word_1_214' title='bbox 729 2422 942 2498; x_wconf 86' lang='lat' dir='ltr'><strong>provinciarum</strong></span> <span class='ocrx_word' id='word_1_215' title='bbox 954 2420 1095 2498; x_wconf 89' lang='lat' dir='ltr'><strong>permisit,</strong></span> 
     </span>
     <span class='ocr_line' id='line_1_28' title="bbox 93 2503 1096 2583; baseline -0.004 -17"><span class='ocrx_word' id='word_1_216' title='bbox 93 2506 292 2566; x_wconf 86' lang='lat' dir='ltr'><strong>verumetiam</strong></span> <span class='ocrx_word' id='word_1_217' title='bbox 307 2503 440 2564; x_wconf 82' lang='lat' dir='ltr'><strong>exulibus</strong></span> <span class='ocrx_word' id='word_1_218' title='bbox 456 2503 641 2583; x_wconf 68' lang='lat' dir='ltr'><strong>quibusdam</strong></span> <span class='ocrx_word' id='word_1_219' title='bbox 663 2514 749 2583; x_wconf 91' lang='lat' dir='ltr'><strong>atque</strong></span> <span class='ocrx_word' id='word_1_220' title='bbox 770 2505 845 2564; x_wconf 89' lang='lat' dir='ltr'><strong>inter</strong></span> <span class='ocrx_word' id='word_1_221' title='bbox 866 2504 982 2564; x_wconf 90' lang='lat' dir='ltr'><strong>hostilia</strong></span> <span class='ocrx_word' id='word_1_222' title='bbox 997 2503 1096 2582; x_wconf 91' lang='lat' dir='ltr'><strong>spolia</strong></span> 
     </span>
     <span class='ocr_line' id='line_1_29' title="bbox 93 2586 1094 2665; baseline -0.005 -15"><span class='ocrx_word' id='word_1_223' title='bbox 93 2589 224 2650; x_wconf 86' lang='lat' dir='ltr'><strong>navalem</strong></span> <span class='ocrx_word' id='word_1_224' title='bbox 237 2606 373 2650; x_wconf 86' lang='lat' dir='ltr'><strong>coronam</strong></span> <span class='ocrx_word' id='word_1_225' title='bbox 386 2589 504 2665; x_wconf 81' lang='lat' dir='ltr'><strong>fastigio</strong></span> <span class='ocrx_word' id='word_1_226' title='bbox 515 2586 661 2649; x_wconf 88' lang='lat' dir='ltr'><strong>Palatinae</strong></span> <span class='ocrx_word' id='word_1_227' title='bbox 676 2587 776 2648; x_wconf 90' lang='lat' dir='ltr'><strong>domus</strong></span> <span class='ocrx_word' id='word_1_228' title='bbox 791 2589 870 2648; x_wconf 86' lang='lat' dir='ltr'><strong>iuxta</strong></span> <span class='ocrx_word' id='word_1_229' title='bbox 886 2589 1007 2648; x_wconf 86' lang='lat' dir='ltr'><strong>civicam</strong></span> <span class='ocrx_word' id='word_1_230' title='bbox 1022 2587 1094 2662; x_wconf 83' lang='lat' dir='ltr'><strong>fixit,</strong></span> 
     </span>
     <span class='ocr_line' id='line_1_30' title="bbox 93 2670 1094 2750; baseline -0.004 -17"><span class='ocrx_word' id='word_1_231' title='bbox 93 2673 206 2733; x_wconf 90' lang='lat' dir='ltr'><strong>traiecti</strong></span> <span class='ocrx_word' id='word_1_232' title='bbox 222 2681 251 2732; x_wconf 91' lang='lat' dir='ltr'><strong>et</strong></span> <span class='ocrx_word' id='word_1_233' title='bbox 268 2675 349 2750; x_wconf 91' lang='lat' dir='ltr'><strong>quasi</strong></span> <span class='ocrx_word' id='word_1_234' title='bbox 365 2672 461 2732; x_wconf 91' lang='lat' dir='ltr'><strong>domiti</strong></span> <span class='ocrx_word' id='word_1_235' title='bbox 478 2671 586 2733; x_wconf 88' lang='lat' dir='ltr'><strong>Oceani</strong></span> <span class='ocrx_word' id='word_1_236' title='bbox 607 2673 732 2749; x_wconf 87' lang='lat' dir='ltr'><strong>insigne.</strong></span> <span class='ocrx_word' id='word_1_237' title='bbox 759 2670 880 2733; x_wconf 87' lang='lat' dir='ltr'><strong>Gurrunr</strong></span> <span class='ocrx_word' id='word_1_238' title='bbox 901 2673 964 2732; x_wconf 88' lang='lat' dir='ltr'><strong>eius</strong></span> <span class='ocrx_word' id='word_1_239' title='bbox 983 2671 1094 2732; x_wconf 83' lang='lat' dir='ltr'><strong>blessa-</strong></span> 
     </span>
    </p>

    <p class='ocr_par' dir='ltr' id='par_1_7' title="bbox 4 2755 1221 3066">
     <span class='ocr_line' id='line_1_31' title="bbox 4 2755 1130 2834; baseline -0.004 -19"><span class='ocrx_word' id='word_1_240' title='bbox 4 2765 5 2778; x_wconf 39' lang='lat' dir='ltr'><strong>l</strong></span> <span class='ocrx_word' id='word_1_241' title='bbox 93 2757 150 2815; x_wconf 91' lang='lat' dir='ltr'><strong>lina</strong></span> <span class='ocrx_word' id='word_1_242' title='bbox 162 2771 235 2814; x_wconf 83' lang='lat' dir='ltr'><strong>uuor</strong></span> <span class='ocrx_word' id='word_1_243' title='bbox 248 2765 388 2833; x_wconf 87' lang='lat' dir='ltr'><strong>carpento</strong></span> <span class='ocrx_word' id='word_1_244' title='bbox 403 2765 503 2816; x_wconf 88' lang='lat' dir='ltr'><strong>secuta</strong></span> <span class='ocrx_word' id='word_1_245' title='bbox 516 2764 574 2824; x_wconf 89' lang='lat' dir='ltr'><strong>est;</strong></span> <span class='ocrx_word' id='word_1_246' title='bbox 590 2757 683 2815; x_wconf 89' lang='lat' dir='ltr'><strong>secuti</strong></span> <span class='ocrx_word' id='word_1_247' title='bbox 694 2764 723 2815; x_wconf 92' lang='lat' dir='ltr'><strong>et</strong></span> <span class='ocrx_word' id='word_1_248' title='bbox 734 2755 915 2834; x_wconf 88' lang='lat' dir='ltr'><strong>triumphalia</strong></span> <span class='ocrx_word' id='word_1_249' title='bbox 927 2761 1095 2829; x_wconf 86' lang='lat' dir='ltr'><strong>ornamenta</strong></span> <span class='ocrx_word' id='word_1_250' title='bbox 1104 2768 1130 2810; x_wconf 83' lang='lat' dir='ltr'><strong>to</strong></span> 
     </span>
     <span class='ocr_line' id='line_1_32' title="bbox 93 2836 1221 2944; baseline -0.002 -46"><span class='ocrx_word' id='word_1_251' title='bbox 93 2839 197 2899; x_wconf 89' lang='lat' dir='ltr'><strong>eodem</strong></span> <span class='ocrx_word' id='word_1_252' title='bbox 211 2836 291 2897; x_wconf 91' lang='lat' dir='ltr'><strong>bello</strong></span> <span class='ocrx_word' id='word_1_253' title='bbox 307 2837 419 2917; x_wconf 91' lang='lat' dir='ltr'><strong>adepti,</strong></span> <span class='ocrx_word' id='word_1_254' title='bbox 436 2840 488 2899; x_wconf 90' lang='lat' dir='ltr'><strong>sed</strong></span> <span class='ocrx_word' id='word_1_255' title='bbox 505 2840 595 2898; x_wconf 88' lang='lat' dir='ltr'><strong>ceteri</strong></span> <span class='ocrx_word' id='word_1_256' title='bbox 608 2837 730 2918; x_wconf 91' lang='lat' dir='ltr'><strong>pedibus</strong></span> <span class='ocrx_word' id='word_1_257' title='bbox 746 2848 775 2898; x_wconf 91' lang='lat' dir='ltr'><strong>et</strong></span> <span class='ocrx_word' id='word_1_258' title='bbox 787 2841 814 2898; x_wconf 95' lang='lat' dir='ltr'><strong>in</strong></span> <span class='ocrx_word' id='word_1_259' title='bbox 829 2847 991 2918; x_wconf 82' lang='lat' dir='ltr'><strong>praetexta,</strong></span> <span class='ocrx_word' id='word_1_260' title='bbox 1032 2856 1094 2897; x_wconf 90' lang='lat' dir='ltr'><strong>ras·</strong></span> <span class='ocrx_word' id='word_1_261' title='bbox 1115 2847 1173 2944; x_wconf 70' lang='grc' dir='ltr'><strong>Μ,</strong></span> <span class='ocrx_word' id='word_1_262' title='bbox 1219 2839 1221 2910; x_wconf 78' lang='lat' dir='ltr'><strong>l</strong></span> 
     </span>
     <span class='ocr_line' id='line_1_33' title="bbox 93 2920 1094 3002; baseline -0.001 -21"><span class='ocrx_word' id='word_1_263' title='bbox 93 2941 142 2981; x_wconf 89' lang='lat' dir='ltr'><strong>sus</strong></span> <span class='ocrx_word' id='word_1_264' title='bbox 157 2921 247 2997; x_wconf 81' lang='lat' dir='ltr'><strong>Frugi</strong></span> <span class='ocrx_word' id='word_1_265' title='bbox 266 2939 341 3000; x_wconf 87' lang='lat' dir='ltr'><strong>equo</strong></span> <span class='ocrx_word' id='word_1_266' title='bbox 357 2922 509 3001; x_wconf 89' lang='lat' dir='ltr'><strong>phalerato</strong></span> <span class='ocrx_word' id='word_1_267' title='bbox 527 2925 600 2982; x_wconf 91' lang='lat' dir='ltr'><strong>etin</strong></span> <span class='ocrx_word' id='word_1_268' title='bbox 615 2932 699 2983; x_wconf 78' lang='lat' dir='ltr'><strong>veste</strong></span> <span class='ocrx_word' id='word_1_269' title='bbox 716 2923 853 3001; x_wconf 88' lang='lat' dir='ltr'><strong>palmata,</strong></span> <span class='ocrx_word' id='word_1_270' title='bbox 870 2922 980 3002; x_wconf 89' lang='lat' dir='ltr'><strong>quode</strong></span> <span class='ocrx_word' id='word_1_271' title='bbox 1042 2920 1094 2980; x_wconf 93' lang='lat' dir='ltr'><strong>ho·</strong></span> 
     </span>
     <span class='ocr_line' id='line_1_34' title="bbox 93 3006 1076 3066; baseline 0.002 -2"><span class='ocrx_word' id='word_1_272' title='bbox 93 3022 194 3065; x_wconf 89' lang='lat' dir='ltr'><strong>norem</strong></span> <span class='ocrx_word' id='word_1_273' title='bbox 209 3006 373 3066; x_wconf 83' lang='lat' dir='ltr'><strong>iteraverat.</strong></span> <span class='ocrx_word' id='word_1_274' title='bbox 1072 3039 1076 3046; x_wconf 95' lang='lat'><em>·</em></span> 
     </span>
    </p>

    <p class='ocr_par' dir='ltr' id='par_1_8' title="bbox 6 3086 1130 3254">
     <span class='ocr_line' id='line_1_35' title="bbox 154 3086 1095 3171; baseline -0.001 -23"><span class='ocrx_word' id='word_1_275' title='bbox 154 3086 241 3171; x_wconf 82' lang='lat' dir='ltr'><strong>Urbis</strong></span> <span class='ocrx_word' id='word_1_276' title='bbox 257 3106 446 3169; x_wconf 89' lang='lat' dir='ltr'><strong>annonaeque</strong></span> <span class='ocrx_word' id='word_1_277' title='bbox 462 3108 558 3151; x_wconf 87' lang='lat' dir='ltr'><strong>curam</strong></span> <span class='ocrx_word' id='word_1_278' title='bbox 577 3088 784 3149; x_wconf 86' lang='lat' dir='ltr'><strong>sollicitissime</strong></span> <span class='ocrx_word' id='word_1_279' title='bbox 805 3108 922 3168; x_wconf 88' lang='lat' dir='ltr'><strong>semper</strong></span> <span class='ocrx_word' id='word_1_280' title='bbox 934 3091 1005 3167; x_wconf 91' lang='lat' dir='ltr'><strong>egit.</strong></span> <span class='ocrx_word' id='word_1_281' title='bbox 1022 3087 1095 3149; x_wconf 77' lang='lat' dir='ltr'><strong>curn</strong></span> 
     </span>
     <span class='ocr_line' id='line_1_36' title="bbox 6 3089 1130 3254; baseline -0.003 -21"><span class='ocrx_word' id='word_1_282' title='bbox 6 3089 253 3254; x_wconf 51' lang='lat' dir='ltr'><strong>fhemiliana</strong></span> <span class='ocrx_word' id='word_1_283' title='bbox 268 3174 445 3251; x_wconf 88' lang='lat' dir='ltr'><strong>pertinacius</strong></span> <span class='ocrx_word' id='word_1_284' title='bbox 455 3173 605 3249; x_wconf 90' lang='lat' dir='ltr'><strong>arderent,</strong></span> <span class='ocrx_word' id='word_1_285' title='bbox 622 3173 650 3232; x_wconf 92' lang='lat' dir='ltr'><strong>in</strong></span> <span class='ocrx_word' id='word_1_286' title='bbox 661 3173 824 3234; x_wconf 92' lang='lat' dir='ltr'><strong>diribitorio</strong></span> <span class='ocrx_word' id='word_1_287' title='bbox 835 3173 944 3233; x_wconf 89' lang='lat' dir='ltr'><strong>duabus</strong></span> <span class='ocrx_word' id='word_1_288' title='bbox 957 3172 1093 3233; x_wconf 88' lang='lat' dir='ltr'><strong>noctibus</strong></span> <span class='ocrx_word' id='word_1_289' title='bbox 1104 3187 1130 3230; x_wconf 81' lang='lat' dir='ltr'><strong>aa</strong></span> 
     </span>
    </p>

    <p class='ocr_par' dir='ltr' id='par_1_9' title="bbox 92 3256 1093 3335">
     <span class='ocr_line' id='line_1_37' title="bbox 92 3256 1093 3335; baseline 0 -19"><span class='ocrx_word' id='word_1_290' title='bbox 92 3259 216 3335; x_wconf 86' lang='lat' dir='ltr'><strong>mansit,¹</strong></span> <span class='ocrx_word' id='word_1_291' title='bbox 232 3274 268 3317; x_wconf 88' lang='lat' dir='ltr'><strong>ac</strong></span> <span class='ocrx_word' id='word_1_292' title='bbox 288 3256 443 3317; x_wconf 78' lang='lat' dir='ltr'><strong>deficiente</strong></span> <span class='ocrx_word' id='word_1_293' title='bbox 465 3256 585 3316; x_wconf 88' lang='lat' dir='ltr'><strong>militum</strong></span> <span class='ocrx_word' id='word_1_294' title='bbox 605 3274 640 3314; x_wconf 92' lang='lat' dir='ltr'><strong>ac</strong></span> <span class='ocrx_word' id='word_1_295' title='bbox 662 3256 833 3318; x_wconf 79' lang='lat' dir='ltr'><strong>familiarum</strong></span> <span class='ocrx_word' id='word_1_296' title='bbox 854 3257 954 3334; x_wconf 89' lang='lat' dir='ltr'><strong>turba,</strong></span> <span class='ocrx_word' id='word_1_297' title='bbox 984 3256 1093 3317; x_wconf 86' lang='lat' dir='ltr'><strong>auxilio</strong></span> 
     </span>
    </p>

    <p class='ocr_par' dir='ltr' id='par_1_10' title="bbox 93 3339 1094 3418">
     <span class='ocr_line' id='line_1_38' title="bbox 93 3339 1094 3418; baseline -0.001 -20"><span class='ocrx_word' id='word_1_298' title='bbox 93 3339 209 3416; x_wconf 91' lang='lat' dir='ltr'><strong>plebem</strong></span> <span class='ocrx_word' id='word_1_299' title='bbox 225 3358 279 3418; x_wconf 89' lang='lat' dir='ltr'><strong>per</strong></span> <span class='ocrx_word' id='word_1_300' title='bbox 289 3341 473 3418; x_wconf 89' lang='lat' dir='ltr'><strong>magistratus</strong></span> <span class='ocrx_word' id='word_1_301' title='bbox 488 3357 526 3398; x_wconf 85' lang='lat' dir='ltr'><strong>ex</strong></span> <span class='ocrx_word' id='word_1_302' title='bbox 541 3339 672 3399; x_wconf 87' lang='lat' dir='ltr'><strong>omnibus</strong></span> <span class='ocrx_word' id='word_1_303' title='bbox 684 3341 758 3399; x_wconf 88' lang='lat' dir='ltr'><strong>vicis</strong></span> <span class='ocrx_word' id='word_1_304' title='bbox 776 3342 950 3402; x_wconf 86' lang='lat' dir='ltr'><strong>convocavit</strong></span> <span class='ocrx_word' id='word_1_305' title='bbox 964 3359 999 3400; x_wconf 90' lang='lat' dir='ltr'><strong>ac</strong></span> <span class='ocrx_word' id='word_1_306' title='bbox 1014 3340 1094 3418; x_wconf 85' lang='lat' dir='ltr'><strong>posi·</strong></span> 
     </span>
    </p>

    <p class='ocr_par' dir='ltr' id='par_1_11' title="bbox 93 3421 1094 3502">
     <span class='ocr_line' id='line_1_39' title="bbox 93 3421 1094 3502; baseline 0.002 -23"><span class='ocrx_word' id='word_1_307' title='bbox 93 3421 130 3479; x_wconf 91' lang='lat' dir='ltr'><strong>tis</strong></span> <span class='ocrx_word' id='word_1_308' title='bbox 145 3432 211 3482; x_wconf 91' lang='lat' dir='ltr'><strong>ante</strong></span> <span class='ocrx_word' id='word_1_309' title='bbox 226 3441 258 3481; x_wconf 89' lang='lat' dir='ltr'><strong>se</strong></span> <span class='ocrx_word' id='word_1_310' title='bbox 275 3441 337 3482; x_wconf 88' lang='lat' dir='ltr'><strong>curn</strong></span> <span class='ocrx_word' id='word_1_311' title='bbox 352 3425 476 3502; x_wconf 90' lang='lat' dir='ltr'><strong>pecunia</strong></span> <span class='ocrx_word' id='word_1_312' title='bbox 490 3423 585 3499; x_wconf 89' lang='lat' dir='ltr'><strong>lisois,</strong></span> <span class='ocrx_word' id='word_1_313' title='bbox 600 3421 636 3482; x_wconf 90' lang='lat' dir='ltr'><strong>ad</strong></span> <span class='ocrx_word' id='word_1_314' title='bbox 651 3421 877 3484; x_wconf 86' lang='lat' dir='ltr'><strong>subveniendum</strong></span> <span class='ocrx_word' id='word_1_315' title='bbox 891 3424 1024 3484; x_wconf 89' lang='lat' dir='ltr'><strong>hortatus</strong></span> <span class='ocrx_word' id='word_1_316' title='bbox 1037 3431 1094 3496; x_wconf 86' lang='lat' dir='ltr'><strong>est,</strong></span> 
     </span>
    </p>
   </div>
   <div class='ocr_carea' id='block_1_3' title="bbox 0 0 1226 3872">
    <p class='ocr_par' dir='ltr' id='par_1_12' title="bbox 0 0 1226 3872">
     <span class='ocr_line' id='line_1_40' title="bbox 0 0 1226 3872; baseline 0 0"><span class='ocrx_word' id='word_1_317' title='bbox 0 0 1226 3872; x_wconf 95' lang='lat' dir='ltr'><strong> </strong></span> 
     </span>
    </p>
   </div>
  </div>
 </body>
</html>
