<?xml version="1.0" encoding="UTF-8"?>
<!DOCTYPE html PUBLIC "-//W3C//DTD XHTML 1.0 Transitional//EN"
    "http://www.w3.org/TR/xhtml1/DTD/xhtml1-transitional.dtd">
<html xmlns="http://www.w3.org/1999/xhtml" xml:lang="en" lang="en">
 <head>
  <title>
</title>
<meta http-equiv="Content-Type" content="text/html;charset=utf-8" />
  <meta name='ocr-system' content='tesseract 3.04.00' />
  <meta name='ocr-capabilities' content='ocr_page ocr_carea ocr_par ocr_line ocrx_word'/>
</head>
<body>
  <div class='ocr_page' id='page_1' title='image "./csuetonitranqui00rothgoog_0348.png"; bbox 0 0 2438 3872; ppageno 0'>
   <div class='ocr_carea' id='block_1_1' title="bbox 14 167 1206 3522">
    <p class='ocr_par' dir='ltr' id='par_1_1' title="bbox 132 167 1068 324">
     <span class='ocr_line' id='line_1_1' title="bbox 132 167 1068 239; baseline -0.004 -11"><span class='ocrx_word' id='word_1_1' title='bbox 132 167 193 231; x_wconf 77' lang='lat'><strong>238</strong></span> <span class='ocrx_word' id='word_1_2' title='bbox 212 178 242 227; x_wconf 84' lang='lat' dir='ltr'><strong>c</strong></span> <span class='ocrx_word' id='word_1_3' title='bbox 256 179 406 228; x_wconf 72' lang='lat' dir='ltr'><strong>sonuerit</strong></span> <span class='ocrx_word' id='word_1_4' title='bbox 418 179 546 239; x_wconf 72' lang='lat' dir='ltr'><strong>renuo.</strong></span> <span class='ocrx_word' id='word_1_5' title='bbox 562 179 609 224; x_wconf 82' lang='lat' dir='ltr'><strong>ou</strong></span> <span class='ocrx_word' id='word_1_6' title='bbox 622 178 708 224; x_wconf 76' lang='lat' dir='ltr'><strong>utun</strong></span> <span class='ocrx_word' id='word_1_7' title='bbox 719 175 903 226; x_wconf 72' lang='lat' dir='ltr'><strong>cassanum</strong></span> <span class='ocrx_word' id='word_1_8' title='bbox 914 178 981 224; x_wconf 79' lang='lat' dir='ltr'><strong>mc</strong></span> <span class='ocrx_word' id='word_1_9' title='bbox 993 177 1068 224; x_wconf 82' lang='lat' dir='ltr'><strong>vul.</strong></span> 
     </span>
     <span class='ocr_line' id='line_1_2' title="bbox 631 281 649 324; baseline 0 0"><span class='ocrx_word' id='word_1_10' title='bbox 631 281 649 324; x_wconf 89' lang='lat' dir='ltr'><strong>o</strong></span> 
     </span>
    </p>

    <p class='ocr_par' dir='ltr' id='par_1_2' title="bbox 131 330 1152 1002">
     <span class='ocr_line' id='line_1_3' title="bbox 133 330 1127 417; baseline -0.004 -21"><span class='ocrx_word' id='word_1_11' title='bbox 133 336 347 417; x_wconf 73' lang='lat' dir='ltr'><strong>praefecturam</strong></span> <span class='ocrx_word' id='word_1_12' title='bbox 364 351 480 414; x_wconf 91' lang='lat' dir='ltr'><strong>quoque</strong></span> <span class='ocrx_word' id='word_1_13' title='bbox 496 334 624 412; x_wconf 88' lang='lat' dir='ltr'><strong>praetori</strong></span> <span class='ocrx_word' id='word_1_14' title='bbox 626 335 771 416; x_wconf 76' lang='lat' dir='ltr'><strong>suscepit</strong></span> <span class='ocrx_word' id='word_1_15' title='bbox 784 350 935 411; x_wconf 80' lang='lat' dir='ltr'><strong>numquam</strong></span> <span class='ocrx_word' id='word_1_16' title='bbox 954 331 990 392; x_wconf 91' lang='lat' dir='ltr'><strong>ad</strong></span> <span class='ocrx_word' id='word_1_17' title='bbox 1011 330 1040 391; x_wconf 93' lang='lat' dir='ltr'><strong>id</strong></span> <span class='ocrx_word' id='word_1_18' title='bbox 1055 341 1127 392; x_wconf 88' lang='lat' dir='ltr'><strong>tem-</strong></span> 
     </span>
     <span class='ocr_line' id='line_1_4' title="bbox 133 416 1128 500; baseline -0.004 -20"><span class='ocrx_word' id='word_1_19' title='bbox 133 438 186 500; x_wconf 89' lang='lat' dir='ltr'><strong>pus</strong></span> <span class='ocrx_word' id='word_1_20' title='bbox 204 421 257 478; x_wconf 83' lang='lat' dir='ltr'><strong>nisi</strong></span> <span class='ocrx_word' id='word_1_21' title='bbox 251 418 308 478; x_wconf 91' lang='lat' dir='ltr'><strong>ab</strong></span> <span class='ocrx_word' id='word_1_22' title='bbox 324 436 371 497; x_wconf 91' lang='lat' dir='ltr'><strong>eq.</strong></span> <span class='ocrx_word' id='word_1_23' title='bbox 390 418 425 479; x_wconf 88' lang='lat' dir='ltr'><strong>lt.</strong></span> <span class='ocrx_word' id='word_1_24' title='bbox 443 417 676 494; x_wconf 77' lang='lat' dir='ltr'><strong>administratam,</strong></span> <span class='ocrx_word' id='word_1_25' title='bbox 692 419 811 495; x_wconf 88' lang='lat' dir='ltr'><strong>egitque</strong></span> <span class='ocrx_word' id='word_1_26' title='bbox 823 416 969 494; x_wconf 88' lang='lat' dir='ltr'><strong>aliquanto</strong></span> <span class='ocrx_word' id='word_1_27' title='bbox 981 416 1128 477; x_wconf 84' lang='lat' dir='ltr'><strong>incivilius</strong></span> 
     </span>
     <span class='ocr_line' id='line_1_5' title="bbox 132 499 1126 580; baseline -0.004 -16"><span class='ocrx_word' id='word_1_28' title='bbox 132 513 161 564; x_wconf 89' lang='lat' dir='ltr'><strong>et</strong></span> <span class='ocrx_word' id='word_1_29' title='bbox 178 502 340 562; x_wconf 82' lang='lat' dir='ltr'><strong>violentius.</strong></span> <span class='ocrx_word' id='word_1_30' title='bbox 380 502 526 580; x_wconf 85' lang='lat' dir='ltr'><strong>Siquidem</strong></span> <span class='ocrx_word' id='word_1_31' title='bbox 542 503 790 580; x_wconf 89' lang='lat' dir='ltr'><strong>suspectissimum</strong></span> <span class='ocrx_word' id='word_1_32' title='bbox 805 517 949 579; x_wconf 91' lang='lat' dir='ltr'><strong>quemque</strong></span> <span class='ocrx_word' id='word_1_33' title='bbox 964 499 1034 578; x_wconf 90' lang='lat' dir='ltr'><strong>sibi,</strong></span> <span class='ocrx_word' id='word_1_34' title='bbox 1052 519 1126 560; x_wconf 91' lang='lat' dir='ltr'><strong>sum·</strong></span> 
     </span>
     <span class='ocr_line' id='line_1_6' title="bbox 131 583 1127 666; baseline -0.005 -19"><span class='ocrx_word' id='word_1_35' title='bbox 131 587 226 648; x_wconf 89' lang='lat' dir='ltr'><strong>missis</strong></span> <span class='ocrx_word' id='word_1_36' title='bbox 243 588 291 666; x_wconf 89' lang='lat' dir='ltr'><strong>qni</strong></span> <span class='ocrx_word' id='word_1_37' title='bbox 306 603 360 665; x_wconf 93' lang='lat' dir='ltr'><strong>per</strong></span> <span class='ocrx_word' id='word_1_38' title='bbox 377 585 489 645; x_wconf 89' lang='lat' dir='ltr'><strong>theatra</strong></span> <span class='ocrx_word' id='word_1_39' title='bbox 506 593 535 644; x_wconf 93' lang='lat' dir='ltr'><strong>et</strong></span> <span class='ocrx_word' id='word_1_40' title='bbox 557 595 652 646; x_wconf 90' lang='lat' dir='ltr'><strong>castra</strong></span> <span class='ocrx_word' id='word_1_41' title='bbox 675 585 756 664; x_wconf 86' lang='lat' dir='ltr'><strong>quasi</strong></span> <span class='ocrx_word' id='word_1_42' title='bbox 780 599 923 644; x_wconf 91' lang='lat' dir='ltr'><strong>consenso</strong></span> <span class='ocrx_word' id='word_1_43' title='bbox 944 583 980 644; x_wconf 90' lang='lat' dir='ltr'><strong>ad</strong></span> <span class='ocrx_word' id='word_1_44' title='bbox 1001 601 1127 663; x_wconf 89' lang='lat' dir='ltr'><strong>poenam</strong></span> 
     </span>
     <span class='ocr_line' id='line_1_7' title="bbox 131 667 1152 770; baseline -0.005 -37"><span class='ocrx_word' id='word_1_45' title='bbox 131 672 340 770; x_wconf 79' lang='lat' dir='ltr'><strong>deposcerem,</strong></span> <span class='ocrx_word' id='word_1_46' title='bbox 353 668 430 730; x_wconf 88' lang='lat' dir='ltr'><strong>hand</strong></span> <span class='ocrx_word' id='word_1_47' title='bbox 445 678 612 730; x_wconf 79' lang='lat' dir='ltr'><strong>cunctanter</strong></span> <span class='ocrx_word' id='word_1_48' title='bbox 629 670 786 749; x_wconf 84' lang='lat' dir='ltr'><strong>oppressit.</strong></span> <span class='ocrx_word' id='word_1_49' title='bbox 822 667 854 728; x_wconf 94' lang='lat' dir='ltr'><strong>ln</strong></span> <span class='ocrx_word' id='word_1_50' title='bbox 870 668 915 728; x_wconf 83' lang='lat' dir='ltr'><strong>liis</strong></span> <span class='ocrx_word' id='word_1_51' title='bbox 928 667 1033 728; x_wconf 78' lang='lat' dir='ltr'><strong>Aulum</strong></span> <span class='ocrx_word' id='word_1_52' title='bbox 1052 667 1152 728; x_wconf 78' lang='lat' dir='ltr'><strong>Cae-t</strong></span> 
     </span>
     <span class='ocr_line' id='line_1_8' title="bbox 133 751 1127 830; baseline -0.005 -14"><span class='ocrx_word' id='word_1_53' title='bbox 133 758 225 817; x_wconf 89' lang='lat' dir='ltr'><strong>cinam</strong></span> <span class='ocrx_word' id='word_1_54' title='bbox 241 754 439 830; x_wconf 80' lang='lat' dir='ltr'><strong>consularem,</strong></span> <span class='ocrx_word' id='word_1_55' title='bbox 462 761 596 814; x_wconf 82' lang='lat' dir='ltr'><strong>vocatam</strong></span> <span class='ocrx_word' id='word_1_56' title='bbox 611 753 647 814; x_wconf 91' lang='lat' dir='ltr'><strong>ad</strong></span> <span class='ocrx_word' id='word_1_57' title='bbox 664 770 782 814; x_wconf 92' lang='lat' dir='ltr'><strong>caenam</strong></span> <span class='ocrx_word' id='word_1_58' title='bbox 806 769 840 812; x_wconf 90' lang='lat' dir='ltr'><strong>ac</strong></span> <span class='ocrx_word' id='word_1_59' title='bbox 861 751 976 812; x_wconf 83' lang='lat' dir='ltr'><strong>vixdum</strong></span> <span class='ocrx_word' id='word_1_60' title='bbox 997 751 1127 812; x_wconf 85' lang='lat' dir='ltr'><strong>triclinio</strong></span> 
     </span>
     <span class='ocr_line' id='line_1_9' title="bbox 133 836 1126 918; baseline -0.006 -18"><span class='ocrx_word' id='word_1_61' title='bbox 133 857 294 918; x_wconf 84' lang='lat' dir='ltr'><strong>egressum,</strong></span> <span class='ocrx_word' id='word_1_62' title='bbox 309 837 426 899; x_wconf 90' lang='lat' dir='ltr'><strong>coniodi</strong></span> <span class='ocrx_word' id='word_1_63' title='bbox 438 839 532 906; x_wconf 66' lang='lat' dir='ltr'><strong>iussim</strong></span> <span class='ocrx_word' id='word_1_64' title='bbox 546 855 615 896; x_wconf 89' lang='lat' dir='ltr'><strong>sane</strong></span> <span class='ocrx_word' id='word_1_65' title='bbox 628 845 770 914; x_wconf 83' lang='lat' dir='ltr'><strong>urguente</strong></span> <span class='ocrx_word' id='word_1_66' title='bbox 783 836 957 913; x_wconf 88' lang='lat' dir='ltr'><strong>discrimine,</strong></span> <span class='ocrx_word' id='word_1_67' title='bbox 970 855 1032 896; x_wconf 92' lang='lat' dir='ltr'><strong>curn</strong></span> <span class='ocrx_word' id='word_1_68' title='bbox 1041 837 1126 896; x_wconf 89' lang='lat' dir='ltr'><strong>etiarn</strong></span> 
     </span>
     <span class='ocr_line' id='line_1_10' title="bbox 133 919 1124 1002; baseline -0.006 -17"><span class='ocrx_word' id='word_1_69' title='bbox 133 923 358 1002; x_wconf 77' lang='lat' dir='ltr'><strong>chirographum</strong></span> <span class='ocrx_word' id='word_1_70' title='bbox 376 924 438 982; x_wconf 87' lang='lat' dir='ltr'><strong>eius</strong></span> <span class='ocrx_word' id='word_1_71' title='bbox 453 929 643 1000; x_wconf 82' lang='lat' dir='ltr'><strong>praeparatae</strong></span> <span class='ocrx_word' id='word_1_72' title='bbox 658 920 733 1000; x_wconf 89' lang='lat' dir='ltr'><strong>apud</strong></span> <span class='ocrx_word' id='word_1_73' title='bbox 748 920 853 981; x_wconf 89' lang='lat' dir='ltr'><strong>milites</strong></span> <span class='ocrx_word' id='word_1_74' title='bbox 866 921 1008 981; x_wconf 88' lang='lat' dir='ltr'><strong>contionis</strong></span> <span class='ocrx_word' id='word_1_75' title='bbox 1020 919 1124 999; x_wconf 79' lang='lat' dir='ltr'><strong>depre</strong></span> 
     </span>
    </p>

    <p class='ocr_par' dir='ltr' id='par_1_3' title="bbox 16 1004 1161 1336">
     <span class='ocr_line' id='line_1_11' title="bbox 16 1004 1125 1083; baseline -0.005 -15"><span class='ocrx_word' id='word_1_76' title='bbox 16 1043 18 1046; x_wconf 94' lang='lat'>-</span> <span class='ocrx_word' id='word_1_77' title='bbox 131 1006 289 1068; x_wconf 85' lang='lat' dir='ltr'><strong>hendisset.</strong></span> <span class='ocrx_word' id='word_1_78' title='bbox 321 1005 430 1082; x_wconf 80' lang='lat' dir='ltr'><strong>Quibus</strong></span> <span class='ocrx_word' id='word_1_79' title='bbox 451 1005 538 1064; x_wconf 89' lang='lat' dir='ltr'><strong>rebus</strong></span> <span class='ocrx_word' id='word_1_80' title='bbox 562 1005 637 1065; x_wconf 88' lang='lat' dir='ltr'><strong>siout</strong></span> <span class='ocrx_word' id='word_1_81' title='bbox 657 1007 685 1063; x_wconf 89' lang='lat' dir='ltr'><strong>in</strong></span> <span class='ocrx_word' id='word_1_82' title='bbox 711 1013 858 1083; x_wconf 87' lang='lat' dir='ltr'><strong>posterum</strong></span> <span class='ocrx_word' id='word_1_83' title='bbox 883 1005 1029 1065; x_wconf 90' lang='lat' dir='ltr'><strong>securitati</strong></span> <span class='ocrx_word' id='word_1_84' title='bbox 1054 1004 1125 1063; x_wconf 88' lang='lat' dir='ltr'><strong>satis</strong></span> 
     </span>
     <span class='ocr_line' id='line_1_12' title="bbox 133 1088 1161 1168; baseline -0.01 -17"><span class='ocrx_word' id='word_1_85' title='bbox 133 1093 224 1167; x_wconf 85' lang='lat' dir='ltr'><strong>cavit,</strong></span> <span class='ocrx_word' id='word_1_86' title='bbox 247 1094 286 1150; x_wconf 90' lang='lat' dir='ltr'><strong>ita</strong></span> <span class='ocrx_word' id='word_1_87' title='bbox 309 1089 344 1150; x_wconf 89' lang='lat' dir='ltr'><strong>ad</strong></span> <span class='ocrx_word' id='word_1_88' title='bbox 364 1107 504 1168; x_wconf 90' lang='lat' dir='ltr'><strong>praesens</strong></span> <span class='ocrx_word' id='word_1_89' title='bbox 527 1089 677 1167; x_wconf 90' lang='lat' dir='ltr'><strong>plurimum</strong></span> <span class='ocrx_word' id='word_1_90' title='bbox 697 1090 840 1149; x_wconf 85' lang='lat' dir='ltr'><strong>contraxit</strong></span> <span class='ocrx_word' id='word_1_91' title='bbox 855 1088 994 1166; x_wconf 89' lang='lat' dir='ltr'><strong>invidiae,</strong></span> <span class='ocrx_word' id='word_1_92' title='bbox 1018 1097 1049 1147; x_wconf 93' lang='lat' dir='ltr'><strong>nt</strong></span> <span class='ocrx_word' id='word_1_93' title='bbox 1066 1106 1123 1149; x_wconf 93' lang='lat' dir='ltr'><strong>non</strong></span> <span class='ocrx_word' id='word_1_94' title='bbox 1135 1101 1161 1142; x_wconf 85' lang='lat' dir='ltr'><strong>m</strong></span> 
     </span>
     <span class='ocr_line' id='line_1_13' title="bbox 133 1172 1125 1251; baseline -0.004 -16"><span class='ocrx_word' id='word_1_95' title='bbox 133 1184 242 1235; x_wconf 87' lang='lat' dir='ltr'><strong>temere</strong></span> <span class='ocrx_word' id='word_1_96' title='bbox 261 1175 325 1251; x_wconf 90' lang='lat' dir='ltr'><strong>quis</strong></span> <span class='ocrx_word' id='word_1_97' title='bbox 340 1182 396 1233; x_wconf 91' lang='lat' dir='ltr'><strong>tam</strong></span> <span class='ocrx_word' id='word_1_98' title='bbox 419 1173 544 1232; x_wconf 82' lang='lat' dir='ltr'><strong>adverso</strong></span> <span class='ocrx_word' id='word_1_99' title='bbox 565 1190 681 1233; x_wconf 90' lang='lat' dir='ltr'><strong>rumore</strong></span> <span class='ocrx_word' id='word_1_100' title='bbox 702 1174 851 1251; x_wconf 79' lang='lat' dir='ltr'><strong>magisque</strong></span> <span class='ocrx_word' id='word_1_101' title='bbox 875 1173 972 1232; x_wconf 88' lang='lat' dir='ltr'><strong>invitis</strong></span> <span class='ocrx_word' id='word_1_102' title='bbox 993 1172 1125 1233; x_wconf 89' lang='lat' dir='ltr'><strong>omnibns</strong></span> 
     </span>
     <span class='ocr_line' id='line_1_14' title="bbox 133 1257 545 1336; baseline -0.012 -17"><span class='ocrx_word' id='word_1_103' title='bbox 133 1258 279 1319; x_wconf 86' lang='lat' dir='ltr'><strong>transierit</strong></span> <span class='ocrx_word' id='word_1_104' title='bbox 294 1257 329 1317; x_wconf 90' lang='lat' dir='ltr'><strong>ad</strong></span> <span class='ocrx_word' id='word_1_105' title='bbox 345 1257 545 1336; x_wconf 87' lang='lat' dir='ltr'><strong>principatum.</strong></span> 
     </span>
    </p>

    <p class='ocr_par' dir='ltr' id='par_1_4' title="bbox 101 1340 1125 1419">
     <span class='ocr_line' id='line_1_15' title="bbox 101 1340 1125 1419; baseline -0.002 -18"><span class='ocrx_word' id='word_1_106' title='bbox 101 1357 117 1419; x_wconf 76' lang='lat' dir='ltr'><strong>g</strong></span> <span class='ocrx_word' id='word_1_107' title='bbox 196 1342 316 1401; x_wconf 87' lang='lat' dir='ltr'><strong>Praeter</strong></span> <span class='ocrx_word' id='word_1_108' title='bbox 331 1341 480 1401; x_wconf 86' lang='lat' dir='ltr'><strong>saevitiam</strong></span> <span class='ocrx_word' id='word_1_109' title='bbox 495 1349 633 1418; x_wconf 87' lang='lat' dir='ltr'><strong>suspecta</strong></span> <span class='ocrx_word' id='word_1_110' title='bbox 647 1341 675 1399; x_wconf 94' lang='lat' dir='ltr'><strong>in</strong></span> <span class='ocrx_word' id='word_1_111' title='bbox 687 1358 725 1401; x_wconf 89' lang='lat' dir='ltr'><strong>eo</strong></span> <span class='ocrx_word' id='word_1_112' title='bbox 737 1343 822 1401; x_wconf 90' lang='lat' dir='ltr'><strong>etiam</strong></span> <span class='ocrx_word' id='word_1_113' title='bbox 833 1340 946 1402; x_wconf 85' lang='lat' dir='ltr'><strong>luxuria</strong></span> <span class='ocrx_word' id='word_1_114' title='bbox 959 1349 1031 1416; x_wconf 88' lang='lat' dir='ltr'><strong>erat,</strong></span> <span class='ocrx_word' id='word_1_115' title='bbox 1046 1340 1125 1418; x_wconf 90' lang='lat' dir='ltr'><strong>qnod</strong></span> 
     </span>
    </p>

    <p class='ocr_par' dir='ltr' id='par_1_5' title="bbox 14 1425 1206 2176">
     <span class='ocr_line' id='line_1_16' title="bbox 14 1425 1124 1504; baseline -0.004 -17"><span class='ocrx_word' id='word_1_116' title='bbox 14 1463 29 1478; x_wconf 60' lang='grc' dir='ltr'>ι</span> <span class='ocrx_word' id='word_1_117' title='bbox 132 1426 168 1486; x_wconf 89' lang='lat' dir='ltr'><strong>ad</strong></span> <span class='ocrx_word' id='word_1_118' title='bbox 182 1425 303 1486; x_wconf 89' lang='lat' dir='ltr'><strong>mediam</strong></span> <span class='ocrx_word' id='word_1_119' title='bbox 320 1433 436 1485; x_wconf 88' lang='lat' dir='ltr'><strong>noctem</strong></span> <span class='ocrx_word' id='word_1_120' title='bbox 458 1425 677 1485; x_wconf 85' lang='lat' dir='ltr'><strong>comissationes</strong></span> <span class='ocrx_word' id='word_1_121' title='bbox 694 1443 758 1485; x_wconf 92' lang='lat' dir='ltr'><strong>cmn</strong></span> <span class='ocrx_word' id='word_1_122' title='bbox 779 1425 981 1504; x_wconf 78' lang='lat' dir='ltr'><strong>profusissimo</strong></span> <span class='ocrx_word' id='word_1_123' title='bbox 1006 1441 1124 1503; x_wconf 89' lang='lat' dir='ltr'><strong>quoqne</strong></span> 
     </span>
     <span class='ocr_line' id='line_1_17' title="bbox 131 1507 1162 1589; baseline -0.003 -19"><span class='ocrx_word' id='word_1_124' title='bbox 131 1510 310 1570; x_wconf 82' lang='lat' dir='ltr'><strong>familiarium</strong></span> <span class='ocrx_word' id='word_1_125' title='bbox 325 1507 510 1578; x_wconf 61' lang='lat' dir='ltr'><strong>extenderem</strong></span> <span class='ocrx_word' id='word_1_126' title='bbox 534 1527 590 1568; x_wconf 86' lang='lat' dir='ltr'><strong>nec</strong></span> <span class='ocrx_word' id='word_1_127' title='bbox 611 1511 702 1568; x_wconf 87' lang='lat' dir='ltr'><strong>minus</strong></span> <span class='ocrx_word' id='word_1_128' title='bbox 726 1509 830 1585; x_wconf 90' lang='lat' dir='ltr'><strong>libido,</strong></span> <span class='ocrx_word' id='word_1_129' title='bbox 851 1508 1162 1589; x_wconf 77' lang='lat' dir='ltr'><strong>propterexoleto·1s</strong></span> 
     </span>
     <span class='ocr_line' id='line_1_18' title="bbox 131 1591 1123 1673; baseline -0.003 -20"><span class='ocrx_word' id='word_1_130' title='bbox 131 1613 193 1654; x_wconf 89' lang='lat' dir='ltr'><strong>rum</strong></span> <span class='ocrx_word' id='word_1_131' title='bbox 208 1603 238 1654; x_wconf 92' lang='lat' dir='ltr'><strong>et</strong></span> <span class='ocrx_word' id='word_1_132' title='bbox 252 1594 412 1673; x_wconf 88' lang='lat' dir='ltr'><strong>spadonum</strong></span> <span class='ocrx_word' id='word_1_133' title='bbox 427 1611 536 1671; x_wconf 82' lang='lat' dir='ltr'><strong>greges</strong></span> <span class='ocrx_word' id='word_1_134' title='bbox 553 1602 732 1672; x_wconf 86' lang='lat' dir='ltr'><strong>propterque</strong></span> <span class='ocrx_word' id='word_1_135' title='bbox 746 1594 888 1671; x_wconf 76' lang='lat' dir='ltr'><strong>insignem</strong></span> <span class='ocrx_word' id='word_1_136' title='bbox 904 1595 1025 1670; x_wconf 89' lang='lat' dir='ltr'><strong>reginae</strong></span> <span class='ocrx_word' id='word_1_137' title='bbox 1035 1591 1123 1652; x_wconf 89' lang='lat' dir='ltr'><strong>Bere-</strong></span> 
     </span>
     <span class='ocr_line' id='line_1_19' title="bbox 131 1676 1206 1758; baseline -0.003 -20"><span class='ocrx_word' id='word_1_138' title='bbox 131 1680 212 1738; x_wconf 90' lang='lat' dir='ltr'><strong>nices</strong></span> <span class='ocrx_word' id='word_1_139' title='bbox 228 1696 365 1755; x_wconf 89' lang='lat' dir='ltr'><strong>amorem,</strong></span> <span class='ocrx_word' id='word_1_140' title='bbox 382 1679 427 1738; x_wconf 92' lang='lat' dir='ltr'><strong>eui</strong></span> <span class='ocrx_word' id='word_1_141' title='bbox 445 1679 530 1736; x_wconf 90' lang='lat' dir='ltr'><strong>etiam</strong></span> <span class='ocrx_word' id='word_1_142' title='bbox 545 1679 659 1755; x_wconf 89' lang='lat' dir='ltr'><strong>nuptias</strong></span> <span class='ocrx_word' id='word_1_143' title='bbox 675 1677 822 1756; x_wconf 91' lang='lat' dir='ltr'><strong>pollicitus</strong></span> <span class='ocrx_word' id='word_1_144' title='bbox 841 1676 1004 1746; x_wconf 78' lang='lat' dir='ltr'><strong>ferebatur;</strong></span> <span class='ocrx_word' id='word_1_145' title='bbox 1021 1693 1123 1755; x_wconf 90' lang='lat' dir='ltr'><strong>snspe·</strong></span> <span class='ocrx_word' id='word_1_146' title='bbox 1205 1681 1206 1758; x_wconf 65' lang='lat' dir='ltr'><strong>l</strong></span> 
     </span>
     <span class='ocr_line' id='line_1_20' title="bbox 133 1759 1206 1842; baseline -0.003 -20"><span class='ocrx_word' id='word_1_147' title='bbox 133 1772 178 1823; x_wconf 89' lang='lat' dir='ltr'><strong>cta</strong></span> <span class='ocrx_word' id='word_1_148' title='bbox 192 1764 350 1841; x_wconf 85' lang='lat' dir='ltr'><strong>rapacitas,</strong></span> <span class='ocrx_word' id='word_1_149' title='bbox 370 1761 446 1841; x_wconf 91' lang='lat' dir='ltr'><strong>quod</strong></span> <span class='ocrx_word' id='word_1_150' title='bbox 463 1759 613 1821; x_wconf 88' lang='lat' dir='ltr'><strong>constabat</strong></span> <span class='ocrx_word' id='word_1_151' title='bbox 637 1763 665 1820; x_wconf 92' lang='lat' dir='ltr'><strong>in</strong></span> <span class='ocrx_word' id='word_1_152' title='bbox 688 1761 905 1839; x_wconf 90' lang='lat' dir='ltr'><strong>cognitionibus</strong></span> <span class='ocrx_word' id='word_1_153' title='bbox 920 1763 1010 1842; x_wconf 88' lang='lat' dir='ltr'><strong>patris</strong></span> <span class='ocrx_word' id='word_1_154' title='bbox 1025 1759 1123 1820; x_wconf 88' lang='lat' dir='ltr'><strong>nundi·</strong></span> <span class='ocrx_word' id='word_1_155' title='bbox 1205 1763 1206 1782; x_wconf 67' lang='lat'><em>³</em></span> 
     </span>
     <span class='ocr_line' id='line_1_21' title="bbox 131 1845 1124 1925; baseline -0.004 -19"><span class='ocrx_word' id='word_1_156' title='bbox 131 1848 192 1906; x_wconf 89' lang='lat' dir='ltr'><strong>nari</strong></span> <span class='ocrx_word' id='word_1_157' title='bbox 209 1847 418 1925; x_wconf 88' lang='lat' dir='ltr'><strong>praemiarique</strong></span> <span class='ocrx_word' id='word_1_158' title='bbox 432 1845 563 1915; x_wconf 68' lang='lat' dir='ltr'><strong>solitum</strong></span> <span class='ocrx_word' id='word_1_159' title='bbox 580 1845 704 1923; x_wconf 89' lang='lat' dir='ltr'><strong>denique</strong></span> <span class='ocrx_word' id='word_1_160' title='bbox 716 1847 867 1925; x_wconf 87' lang='lat' dir='ltr'><strong>propalam</strong></span> <span class='ocrx_word' id='word_1_161' title='bbox 880 1845 965 1907; x_wconf 88' lang='lat' dir='ltr'><strong>alium</strong></span> <span class='ocrx_word' id='word_1_162' title='bbox 976 1845 1124 1905; x_wconf 85' lang='lat' dir='ltr'><strong>Neronem</strong></span> 
     </span>
     <span class='ocr_line' id='line_1_22' title="bbox 132 1928 1161 2009; baseline -0.002 -19"><span class='ocrx_word' id='word_1_163' title='bbox 132 1941 161 1990; x_wconf 92' lang='lat' dir='ltr'><strong>et</strong></span> <span class='ocrx_word' id='word_1_164' title='bbox 177 1929 365 2009; x_wconf 89' lang='lat' dir='ltr'><strong>opinabantur</strong></span> <span class='ocrx_word' id='word_1_165' title='bbox 381 1938 409 1988; x_wconf 90' lang='lat' dir='ltr'><strong>et</strong></span> <span class='ocrx_word' id='word_1_166' title='bbox 431 1928 646 2009; x_wconf 89' lang='lat' dir='ltr'><strong>praedicabant.</strong></span> <span class='ocrx_word' id='word_1_167' title='bbox 688 1928 727 1990; x_wconf 85' lang='lat' dir='ltr'><strong>At</strong></span> <span class='ocrx_word' id='word_1_168' title='bbox 750 1930 793 1990; x_wconf 93' lang='lat' dir='ltr'><strong>illi</strong></span> <span class='ocrx_word' id='word_1_169' title='bbox 814 1949 848 1990; x_wconf 89' lang='lat' dir='ltr'><strong>ea</strong></span> <span class='ocrx_word' id='word_1_170' title='bbox 872 1930 946 1991; x_wconf 86' lang='lat' dir='ltr'><strong>lama</strong></span> <span class='ocrx_word' id='word_1_171' title='bbox 970 1946 1023 2009; x_wconf 93' lang='lat' dir='ltr'><strong>pro</strong></span> <span class='ocrx_word' id='word_1_172' title='bbox 1044 1928 1161 1989; x_wconf 75' lang='lat' dir='ltr'><strong>bonoso</strong></span> 
     </span>
     <span class='ocr_line' id='line_1_23' title="bbox 132 2013 1123 2093; baseline -0.002 -19"><span class='ocrx_word' id='word_1_173' title='bbox 132 2015 220 2074; x_wconf 87' lang='lat' dir='ltr'><strong>cessit</strong></span> <span class='ocrx_word' id='word_1_174' title='bbox 236 2030 435 2091; x_wconf 88' lang='lat' dir='ltr'><strong>conversaque</strong></span> <span class='ocrx_word' id='word_1_175' title='bbox 452 2015 540 2072; x_wconf 90' lang='lat' dir='ltr'><strong>estin</strong></span> <span class='ocrx_word' id='word_1_176' title='bbox 557 2015 695 2074; x_wconf 84' lang='lat' dir='ltr'><strong>maximas</strong></span> <span class='ocrx_word' id='word_1_177' title='bbox 710 2013 827 2091; x_wconf 89' lang='lat' dir='ltr'><strong>landes,</strong></span> <span class='ocrx_word' id='word_1_178' title='bbox 850 2030 945 2093; x_wconf 90' lang='lat' dir='ltr'><strong>neque</strong></span> <span class='ocrx_word' id='word_1_179' title='bbox 968 2015 1041 2073; x_wconf 86' lang='lat' dir='ltr'><strong>ritio·</strong></span> <span class='ocrx_word' id='word_1_180' title='bbox 1064 2013 1123 2072; x_wconf 88' lang='lat' dir='ltr'><strong>ullo</strong></span> 
     </span>
     <span class='ocr_line' id='line_1_24' title="bbox 131 2097 712 2176; baseline 0 -19"><span class='ocrx_word' id='word_1_181' title='bbox 131 2106 249 2176; x_wconf 88' lang='lat' dir='ltr'><strong>reperto</strong></span> <span class='ocrx_word' id='word_1_182' title='bbox 266 2105 294 2156; x_wconf 92' lang='lat' dir='ltr'><strong>et</strong></span> <span class='ocrx_word' id='word_1_183' title='bbox 310 2104 410 2156; x_wconf 88' lang='lat' dir='ltr'><strong>contra</strong></span> <span class='ocrx_word' id='word_1_184' title='bbox 423 2097 574 2158; x_wconf 84' lang='lat' dir='ltr'><strong>virtutibus</strong></span> <span class='ocrx_word' id='word_1_185' title='bbox 588 2099 712 2157; x_wconf 90' lang='lat' dir='ltr'><strong>summis.</strong></span> 
     </span>
    </p>

    <p class='ocr_par' dir='ltr' id='par_1_6' title="bbox 129 2177 1161 3348">
     <span class='ocr_line' id='line_1_25' title="bbox 193 2177 1123 2261; baseline 0 -22"><span class='ocrx_word' id='word_1_186' title='bbox 193 2177 333 2240; x_wconf 85' lang='lat' dir='ltr'><strong>Convivia</strong></span> <span class='ocrx_word' id='word_1_187' title='bbox 353 2180 471 2241; x_wconf 89' lang='lat' dir='ltr'><strong>instituit</strong></span> <span class='ocrx_word' id='word_1_188' title='bbox 488 2182 610 2242; x_wconf 88' lang='lat' dir='ltr'><strong>incunda</strong></span> <span class='ocrx_word' id='word_1_189' title='bbox 630 2184 724 2260; x_wconf 88' lang='lat' dir='ltr'><strong>magis</strong></span> <span class='ocrx_word' id='word_1_190' title='bbox 740 2200 824 2261; x_wconf 91' lang='lat' dir='ltr'><strong>quam</strong></span> <span class='ocrx_word' id='word_1_191' title='bbox 840 2181 969 2260; x_wconf 78' lang='lat' dir='ltr'><strong>profusa.</strong></span> <span class='ocrx_word' id='word_1_192' title='bbox 1002 2179 1123 2241; x_wconf 84' lang='lat' dir='ltr'><strong>Amicos</strong></span> 
     </span>
     <span class='ocr_line' id='line_1_26' title="bbox 131 2263 1122 2346; baseline -0.001 -22"><span class='ocrx_word' id='word_1_193' title='bbox 131 2264 230 2342; x_wconf 88' lang='lat' dir='ltr'><strong>elegit,</strong></span> <span class='ocrx_word' id='word_1_194' title='bbox 252 2263 353 2343; x_wconf 89' lang='lat' dir='ltr'><strong>quibus</strong></span> <span class='ocrx_word' id='word_1_195' title='bbox 373 2266 540 2346; x_wconf 88' lang='lat' dir='ltr'><strong>ctiampost</strong></span> <span class='ocrx_word' id='word_1_196' title='bbox 556 2267 783 2345; x_wconf 85' lang='lat' dir='ltr'><strong>comprincipes</strong></span> <span class='ocrx_word' id='word_1_197' title='bbox 800 2274 830 2326; x_wconf 91' lang='lat' dir='ltr'><strong>ut</strong></span> <span class='ocrx_word' id='word_1_198' title='bbox 850 2274 880 2324; x_wconf 93' lang='lat' dir='ltr'><strong>et</strong></span> <span class='ocrx_word' id='word_1_199' title='bbox 901 2264 956 2325; x_wconf 86' lang='lat' dir='ltr'><strong>sibi</strong></span> <span class='ocrx_word' id='word_1_200' title='bbox 977 2273 1006 2324; x_wconf 90' lang='lat' dir='ltr'><strong>et</strong></span> <span class='ocrx_word' id='word_1_201' title='bbox 1026 2266 1069 2324; x_wconf 92' lang='lat' dir='ltr'><strong>rei</strong></span> <span class='ocrx_word' id='word_1_202' title='bbox 1093 2284 1122 2344; x_wconf 94' lang='lat' dir='ltr'><strong>p.</strong></span> 
     </span>
     <span class='ocr_line' id='line_1_27' title="bbox 130 2347 1160 2430; baseline 0.002 -23"><span class='ocrx_word' id='word_1_203' title='bbox 130 2350 306 2409; x_wconf 89' lang='lat' dir='ltr'><strong>necessariis</strong></span> <span class='ocrx_word' id='word_1_204' title='bbox 321 2349 531 2429; x_wconf 86' lang='lat' dir='ltr'><strong>adquieverunt</strong></span> <span class='ocrx_word' id='word_1_205' title='bbox 546 2352 765 2430; x_wconf 88' lang='lat' dir='ltr'><strong>praecipueque</strong></span> <span class='ocrx_word' id='word_1_206' title='bbox 782 2358 847 2410; x_wconf 87' lang='lat' dir='ltr'><strong>sunt</strong></span> <span class='ocrx_word' id='word_1_207' title='bbox 868 2351 922 2410; x_wconf 87' lang='lat' dir='ltr'><strong>usi.</strong></span> <span class='ocrx_word' id='word_1_208' title='bbox 960 2347 1160 2409; x_wconf 77' lang='lat' dir='ltr'><strong>berenicenrs</strong></span> 
     </span>
     <span class='ocr_line' id='line_1_28' title="bbox 130 2432 1122 2512; baseline -0.002 -18"><span class='ocrx_word' id='word_1_209' title='bbox 130 2433 225 2494; x_wconf 87' lang='lat' dir='ltr'><strong>statim</strong></span> <span class='ocrx_word' id='word_1_210' title='bbox 239 2432 275 2493; x_wconf 89' lang='lat' dir='ltr'><strong>ab</strong></span> <span class='ocrx_word' id='word_1_211' title='bbox 292 2433 363 2493; x_wconf 89' lang='lat' dir='ltr'><strong>urbe</strong></span> <span class='ocrx_word' id='word_1_212' title='bbox 379 2433 494 2511; x_wconf 90' lang='lat' dir='ltr'><strong>dimisit,</strong></span> <span class='ocrx_word' id='word_1_213' title='bbox 511 2435 615 2494; x_wconf 86' lang='lat' dir='ltr'><strong>inritus</strong></span> <span class='ocrx_word' id='word_1_214' title='bbox 631 2435 755 2494; x_wconf 90' lang='lat' dir='ltr'><strong>invitam.</strong></span> <span class='ocrx_word' id='word_1_215' title='bbox 796 2433 942 2509; x_wconf 82' lang='lat' dir='ltr'><strong>Quosdam</strong></span> <span class='ocrx_word' id='word_1_216' title='bbox 958 2451 974 2492; x_wconf 87' lang='lat' dir='ltr'><strong>e</strong></span> <span class='ocrx_word' id='word_1_217' title='bbox 990 2435 1122 2512; x_wconf 86' lang='lat' dir='ltr'><strong>gratissi-</strong></span> 
     </span>
     <span class='ocr_line' id='line_1_29' title="bbox 130 2515 1124 2597; baseline 0.001 -21"><span class='ocrx_word' id='word_1_218' title='bbox 130 2519 184 2576; x_wconf 89' lang='lat' dir='ltr'><strong>mis</strong></span> <span class='ocrx_word' id='word_1_219' title='bbox 198 2515 398 2594; x_wconf 85' lang='lat' dir='ltr'><strong>delicatornm,</strong></span> <span class='ocrx_word' id='word_1_220' title='bbox 415 2535 584 2597; x_wconf 87' lang='lat' dir='ltr'><strong>quamquam</strong></span> <span class='ocrx_word' id='word_1_221' title='bbox 600 2527 656 2579; x_wconf 89' lang='lat' dir='ltr'><strong>tam</strong></span> <span class='ocrx_word' id='word_1_222' title='bbox 670 2519 797 2579; x_wconf 85' lang='lat' dir='ltr'><strong>artifices</strong></span> <span class='ocrx_word' id='word_1_223' title='bbox 812 2517 989 2595; x_wconf 88' lang='lat' dir='ltr'><strong>saltationis,</strong></span> <span class='ocrx_word' id='word_1_224' title='bbox 1009 2526 1039 2576; x_wconf 91' lang='lat' dir='ltr'><strong>nt</strong></span> <span class='ocrx_word' id='word_1_225' title='bbox 1054 2534 1124 2577; x_wconf 87' lang='lat' dir='ltr'><strong>mox</strong></span> 
     </span>
     <span class='ocr_line' id='line_1_30' title="bbox 131 2599 1124 2681; baseline -0.001 -20"><span class='ocrx_word' id='word_1_226' title='bbox 131 2618 266 2662; x_wconf 87' lang='lat' dir='ltr'><strong>scaenam</strong></span> <span class='ocrx_word' id='word_1_227' title='bbox 280 2603 434 2678; x_wconf 89' lang='lat' dir='ltr'><strong>tenuerint,</strong></span> <span class='ocrx_word' id='word_1_228' title='bbox 449 2619 506 2662; x_wconf 92' lang='lat' dir='ltr'><strong>non</strong></span> <span class='ocrx_word' id='word_1_229' title='bbox 522 2603 607 2664; x_wconf 92' lang='lat' dir='ltr'><strong>modo</strong></span> <span class='ocrx_word' id='word_1_230' title='bbox 623 2603 728 2663; x_wconf 85' lang='lat' dir='ltr'><strong>fovere</strong></span> <span class='ocrx_word' id='word_1_231' title='bbox 743 2601 901 2681; x_wconf 83' lang='lat' dir='ltr'><strong>prolixias,</strong></span> <span class='ocrx_word' id='word_1_232' title='bbox 919 2599 972 2662; x_wconf 92' lang='lat' dir='ltr'><strong>sed</strong></span> <span class='ocrx_word' id='word_1_233' title='bbox 986 2611 1124 2680; x_wconf 86' lang='lat' dir='ltr'><strong>spectare</strong></span> 
     </span>
     <span class='ocr_line' id='line_1_31' title="bbox 131 2685 1124 2766; baseline 0.002 -22"><span class='ocrx_word' id='word_1_234' title='bbox 131 2685 245 2744; x_wconf 90' lang='lat' dir='ltr'><strong>omnino</strong></span> <span class='ocrx_word' id='word_1_235' title='bbox 261 2685 289 2743; x_wconf 93' lang='lat' dir='ltr'><strong>in</strong></span> <span class='ocrx_word' id='word_1_236' title='bbox 309 2685 426 2764; x_wconf 90' lang='lat' dir='ltr'><strong>publico</strong></span> <span class='ocrx_word' id='word_1_237' title='bbox 443 2695 529 2746; x_wconf 90' lang='lat' dir='ltr'><strong>coetu</strong></span> <span class='ocrx_word' id='word_1_238' title='bbox 543 2685 715 2766; x_wconf 74' lang='lat' dir='ltr'><strong>supersedit·</strong></span> <span class='ocrx_word' id='word_1_239' title='bbox 749 2685 827 2746; x_wconf 90' lang='lat' dir='ltr'><strong>Nulli</strong></span> <span class='ocrx_word' id='word_1_240' title='bbox 845 2687 949 2757; x_wconf 84' lang='lat' dir='ltr'><strong>civium</strong></span> <span class='ocrx_word' id='word_1_241' title='bbox 970 2687 1124 2764; x_wconf 85' lang='lat' dir='ltr'><strong>quicquam</strong></span> 
     </span>
     <span class='ocr_line' id='line_1_32' title="bbox 131 2767 1160 2850; baseline 0.001 -21"><span class='ocrx_word' id='word_1_242' title='bbox 131 2767 249 2836; x_wconf 88' lang='lat' dir='ltr'><strong>ademit;</strong></span> <span class='ocrx_word' id='word_1_243' title='bbox 269 2767 403 2829; x_wconf 89' lang='lat' dir='ltr'><strong>abstinuit</strong></span> <span class='ocrx_word' id='word_1_244' title='bbox 418 2769 524 2847; x_wconf 85' lang='lat' dir='ltr'><strong>alieno,</strong></span> <span class='ocrx_word' id='word_1_245' title='bbox 539 2779 568 2830; x_wconf 91' lang='lat' dir='ltr'><strong>nt</strong></span> <span class='ocrx_word' id='word_1_246' title='bbox 581 2773 605 2831; x_wconf 92' lang='lat' dir='ltr'><strong>si</strong></span> <span class='ocrx_word' id='word_1_247' title='bbox 620 2769 684 2850; x_wconf 88' lang='lat' dir='ltr'><strong>quis</strong></span> <span class='ocrx_word' id='word_1_248' title='bbox 700 2787 847 2850; x_wconf 87' lang='lat' dir='ltr'><strong>umquanr;</strong></span> <span class='ocrx_word' id='word_1_249' title='bbox 864 2785 900 2830; x_wconf 90' lang='lat' dir='ltr'><strong>ac</strong></span> <span class='ocrx_word' id='word_1_250' title='bbox 915 2787 951 2829; x_wconf 93' lang='lat' dir='ltr'><strong>ne</strong></span> <span class='ocrx_word' id='word_1_251' title='bbox 965 2786 1160 2830; x_wconf 84' lang='lat' dir='ltr'><strong>concessasao</strong></span> 
     </span>
     <span class='ocr_line' id='line_1_33' title="bbox 130 2850 1123 2933; baseline 0.002 -21"><span class='ocrx_word' id='word_1_252' title='bbox 130 2850 244 2931; x_wconf 89' lang='lat' dir='ltr'><strong>quidem</strong></span> <span class='ocrx_word' id='word_1_253' title='bbox 272 2871 307 2912; x_wconf 93' lang='lat' dir='ltr'><strong>ac</strong></span> <span class='ocrx_word' id='word_1_254' title='bbox 328 2852 429 2914; x_wconf 87' lang='lat' dir='ltr'><strong>solitas</strong></span> <span class='ocrx_word' id='word_1_255' title='bbox 453 2854 632 2916; x_wconf 89' lang='lat' dir='ltr'><strong>conlationes</strong></span> <span class='ocrx_word' id='word_1_256' title='bbox 654 2857 778 2933; x_wconf 89' lang='lat' dir='ltr'><strong>recepit.</strong></span> <span class='ocrx_word' id='word_1_257' title='bbox 818 2851 856 2914; x_wconf 82' lang='lat' dir='ltr'><strong>Et</strong></span> <span class='ocrx_word' id='word_1_258' title='bbox 887 2861 982 2914; x_wconf 88' lang='lat' dir='ltr'><strong>tamen</strong></span> <span class='ocrx_word' id='word_1_259' title='bbox 1007 2855 1123 2914; x_wconf 87' lang='lat' dir='ltr'><strong>nemine</strong></span> 
     </span>
     <span class='ocr_line' id='line_1_34' title="bbox 131 2935 1123 3018; baseline 0.001 -21"><span class='ocrx_word' id='word_1_260' title='bbox 131 2946 195 2997; x_wconf 89' lang='lat' dir='ltr'><strong>ante</strong></span> <span class='ocrx_word' id='word_1_261' title='bbox 211 2953 243 2996; x_wconf 89' lang='lat' dir='ltr'><strong>se</strong></span> <span class='ocrx_word' id='word_1_262' title='bbox 258 2935 451 2998; x_wconf 84' lang='lat' dir='ltr'><strong>munificentia</strong></span> <span class='ocrx_word' id='word_1_263' title='bbox 470 2939 579 3016; x_wconf 88' lang='lat' dir='ltr'><strong>minor,</strong></span> <span class='ocrx_word' id='word_1_264' title='bbox 593 2937 814 3018; x_wconf 29' lang='lat' dir='ltr'><strong>,amphitheatro</strong></span> <span class='ocrx_word' id='word_1_265' title='bbox 836 2935 971 3014; x_wconf 90' lang='lat' dir='ltr'><strong>dedicato</strong></span> <span class='ocrx_word' id='word_1_266' title='bbox 991 2935 1123 2998; x_wconf 90' lang='lat' dir='ltr'><strong>thermis·</strong></span> 
     </span>
     <span class='ocr_line' id='line_1_35' title="bbox 130 3019 1124 3101; baseline 0.004 -23"><span class='ocrx_word' id='word_1_267' title='bbox 130 3038 186 3098; x_wconf 91' lang='lat' dir='ltr'><strong>que</strong></span> <span class='ocrx_word' id='word_1_268' title='bbox 206 3020 283 3080; x_wconf 85' lang='lat' dir='ltr'><strong>iuxta</strong></span> <span class='ocrx_word' id='word_1_269' title='bbox 305 3021 441 3082; x_wconf 91' lang='lat' dir='ltr'><strong>celeriter</strong></span> <span class='ocrx_word' id='word_1_270' title='bbox 460 3024 615 3101; x_wconf 84' lang='lat' dir='ltr'><strong>extructis,</strong></span> <span class='ocrx_word' id='word_1_271' title='bbox 639 3040 740 3082; x_wconf 88' lang='lat' dir='ltr'><strong>munus</strong></span> <span class='ocrx_word' id='word_1_272' title='bbox 761 3019 849 3082; x_wconf 92' lang='lat' dir='ltr'><strong>edidit</strong></span> <span class='ocrx_word' id='word_1_273' title='bbox 871 3022 1124 3101; x_wconf 87' lang='lat' dir='ltr'><strong>apparatissimum</strong></span> 
     </span>
     <span class='ocr_line' id='line_1_36' title="bbox 129 3103 1123 3186; baseline 0.004 -24"><span class='ocrx_word' id='word_1_274' title='bbox 129 3103 393 3184; x_wconf 77' lang='lat' dir='ltr'><strong>largissimamque:</strong></span> <span class='ocrx_word' id='word_1_275' title='bbox 417 3103 495 3165; x_wconf 92' lang='lat' dir='ltr'><strong>dedit</strong></span> <span class='ocrx_word' id='word_1_276' title='bbox 509 3114 538 3166; x_wconf 88' lang='lat' dir='ltr'><strong>et</strong></span> <span class='ocrx_word' id='word_1_277' title='bbox 556 3107 658 3168; x_wconf 86' lang='lat' dir='ltr'><strong>navale</strong></span> <span class='ocrx_word' id='word_1_278' title='bbox 682 3105 824 3186; x_wconf 88' lang='lat' dir='ltr'><strong>proelium</strong></span> <span class='ocrx_word' id='word_1_279' title='bbox 844 3107 872 3165; x_wconf 92' lang='lat' dir='ltr'><strong>in</strong></span> <span class='ocrx_word' id='word_1_280' title='bbox 893 3105 987 3166; x_wconf 82' lang='lat' dir='ltr'><strong>veteri</strong></span> <span class='ocrx_word' id='word_1_281' title='bbox 1008 3123 1123 3166; x_wconf 87' lang='lat' dir='ltr'><strong>nauma-</strong></span> 
     </span>
     <span class='ocr_line' id='line_1_37' title="bbox 131 3187 1161 3270; baseline 0.004 -23"><span class='ocrx_word' id='word_1_282' title='bbox 131 3187 203 3265; x_wconf 89' lang='lat' dir='ltr'><strong>chia,</strong></span> <span class='ocrx_word' id='word_1_283' title='bbox 226 3187 332 3249; x_wconf 88' lang='lat' dir='ltr'><strong>ibidem</strong></span> <span class='ocrx_word' id='word_1_284' title='bbox 355 3196 384 3248; x_wconf 90' lang='lat' dir='ltr'><strong>et</strong></span> <span class='ocrx_word' id='word_1_285' title='bbox 410 3187 590 3267; x_wconf 87' lang='lat' dir='ltr'><strong>gladiatores</strong></span> <span class='ocrx_word' id='word_1_286' title='bbox 617 3200 704 3270; x_wconf 88' lang='lat' dir='ltr'><strong>atque</strong></span> <span class='ocrx_word' id='word_1_287' title='bbox 730 3201 787 3251; x_wconf 90' lang='lat' dir='ltr'><strong>uno</strong></span> <span class='ocrx_word' id='word_1_288' title='bbox 813 3189 860 3250; x_wconf 92' lang='lat' dir='ltr'><strong>die</strong></span> <span class='ocrx_word' id='word_1_289' title='bbox 893 3190 1017 3268; x_wconf 89' lang='lat' dir='ltr'><strong>quinque</strong></span> <span class='ocrx_word' id='word_1_290' title='bbox 1044 3190 1161 3251; x_wconf 81' lang='lat' dir='ltr'><strong>miliaas</strong></span> 
     </span>
     <span class='ocr_line' id='line_1_38' title="bbox 131 3272 476 3348; baseline 0.009 -18"><span class='ocrx_word' id='word_1_291' title='bbox 131 3287 215 3330; x_wconf 91' lang='lat' dir='ltr'><strong>omne</strong></span> <span class='ocrx_word' id='word_1_292' title='bbox 233 3289 326 3348; x_wconf 86' lang='lat' dir='ltr'><strong>genos</strong></span> <span class='ocrx_word' id='word_1_293' title='bbox 341 3272 476 3333; x_wconf 81' lang='lat' dir='ltr'><strong>ferarum.</strong></span> 
     </span>
    </p>

    <p class='ocr_par' dir='ltr' id='par_1_7' title="bbox 97 3353 1125 3522">
     <span class='ocr_line' id='line_1_39' title="bbox 97 3353 1124 3436; baseline -0.001 -19"><span class='ocrx_word' id='word_1_294' title='bbox 97 3361 117 3417; x_wconf 82' lang='grc'><strong>8</strong></span> <span class='ocrx_word' id='word_1_295' title='bbox 189 3353 295 3416; x_wconf 84' lang='lat' dir='ltr'><strong>Nature</strong></span> <span class='ocrx_word' id='word_1_296' title='bbox 311 3364 405 3416; x_wconf 88' lang='lat' dir='ltr'><strong>antem</strong></span> <span class='ocrx_word' id='word_1_297' title='bbox 420 3354 717 3436; x_wconf 85' lang='lat' dir='ltr'><strong>benivolentissimns,</strong></span> <span class='ocrx_word' id='word_1_298' title='bbox 738 3376 802 3419; x_wconf 91' lang='lat' dir='ltr'><strong>cum</strong></span> <span class='ocrx_word' id='word_1_299' title='bbox 824 3375 862 3418; x_wconf 86' lang='lat' dir='ltr'><strong>ex</strong></span> <span class='ocrx_word' id='word_1_300' title='bbox 879 3358 1007 3418; x_wconf 82' lang='lat' dir='ltr'><strong>instituto</strong></span> <span class='ocrx_word' id='word_1_301' title='bbox 1023 3355 1124 3418; x_wconf 81' lang='lat' dir='ltr'><strong>Tiberi</strong></span> 
     </span>
     <span class='ocr_line' id='line_1_40' title="bbox 131 3426 1125 3522; baseline 0.008 -28"><span class='ocrx_word' id='word_1_302' title='bbox 131 3451 231 3496; x_wconf 87' lang='lat' dir='ltr'><strong>omnes</strong></span> <span class='ocrx_word' id='word_1_303' title='bbox 256 3437 360 3498; x_wconf 88' lang='lat' dir='ltr'><strong>debinc</strong></span> <span class='ocrx_word' id='word_1_304' title='bbox 383 3426 525 3500; x_wconf 78' lang='lat' dir='ltr'><strong>Caesares</strong></span> <span class='ocrx_word' id='word_1_305' title='bbox 546 3440 688 3503; x_wconf 82' lang='lat' dir='ltr'><strong>beneficia</strong></span> <span class='ocrx_word' id='word_1_306' title='bbox 715 3461 732 3503; x_wconf 85' lang='lat' dir='ltr'><strong>a</strong></span> <span class='ocrx_word' id='word_1_307' title='bbox 754 3440 954 3522; x_wconf 82' lang='lat' dir='ltr'><strong>superioribus</strong></span> <span class='ocrx_word' id='word_1_308' title='bbox 979 3459 1125 3503; x_wconf 86' lang='lat' dir='ltr'><strong>concessa</strong></span> 
     </span>
    </p>
   </div>
   <div class='ocr_carea' id='block_1_2' title="bbox 0 0 1224 3872">
    <p class='ocr_par' dir='ltr' id='par_1_8' title="bbox 0 0 1224 3872">
     <span class='ocr_line' id='line_1_41' title="bbox 0 0 1224 3872; baseline 0 0"><span class='ocrx_word' id='word_1_309' title='bbox 0 0 1224 3872; x_wconf 95' lang='lat' dir='ltr'><strong> </strong></span> 
     </span>
    </p>
   </div>
  </div>
 </body>
</html>
