2416 3876
204 310 209 320 .
266 233 543 284 nurnsnruonuu
562 235 744 286 urceorum
766 237 981 298 nnuroumn„
1055 228 1117 293 293
1198 264 1201 270 ι

111 402 171 454 tum
188 391 266 452 nulla
282 400 365 451 antea
381 392 548 468 cuiusquam
566 390 734 469 comoedia,
751 394 780 455 id
801 402 846 453 est
862 403 930 455 octo
946 395 1022 456 milia
1038 414 1117 456 num·

111 486 239 548 momm3
268 485 427 554 propterea
453 493 562 535 summa
588 493 705 555 quoque
728 477 810 537 titulo
842 479 1004 541 ascribitur.
1045 479 1118 540 Nam

110 561 312 640 Adelphorum
335 560 505 638 principium
529 561 624 620 Varro
647 562 733 620 ctiam
747 562 877 640 praefert
898 563 1041 643 principio
1057 563 1117 624 lle·

111 646 224 706 nandri.

84 771 99 812 ὅ
176 728 241 788 Non
267 730 393 788 obseura
412 728 487 788 lama
508 734 554 786 est
574 727 699 788 adiutum
724 727 920 790 Terentium
911 749 940 790 m
961 661 1173 810 scriptisa3

1 819 2 904 J
110 813 213 874 Laelio
236 823 265 873 et
282 813 437 890 Scipione,
461 829 582 889 eamque
596 812 661 890 ipse
676 813 755 873 nuxit
770 832 921 892 numquam
939 817 993 876 nisi
1013 816 1118 876 leviter

1 915 2 988 p
109 899 242 959 refutare
258 906 395 974 conatus,
410 897 481 955 utin
496 895 622 974 prologo
639 896 838 976 Adelphorum
848 919 864 959 ι

149 1023 152 1028 ·
265 1000 338 1056 Nom
353 999 426 1071 quod
439 1000 485 1054 icti
500 999 594 1055 dicum
606 1000 742 1069 malevoli,
754 999 876 1056 homines
890 1002 991 1057 nobiles

1 1133 2 1154 ,
264 1083 348 1140 Hono
364 1085 493 1138 oditttore
506 1083 669 1156 assidueque
682 1101 739 1139 uae
756 1085 887 1156 seribere,

1 1183 2 1186 ’
72 1174 101 1218 10
148 1169 156 1176 ’
266 1166 398 1235 Quodilli
410 1167 737 1224 maledictumoeltemens
752 1183 812 1224 esse
827 1171 997 1224 examinent.-

263 1253 336 1308 Eum
350 1253 458 1307 leudem
474 1251 519 1306 itio
536 1251 611 1306 duell
622 1255 789 1322 maximam,
807 1269 869 1308 oum
884 1254 937 1309 illis
948 1253 1043 1324 placet

266 1334 319 1401 Qui
330 1335 404 1390 uobis
417 1337 552 1391 uniuersis
566 1341 592 1390 et
600 1337 705 1408 populo
720 1338 842 1408 placent,

265 1417 386 1485 Quorum
400 1434 487 1490 opera
501 1421 529 1474 in
544 1420 626 1490 bello,
640 1423 669 1474 in
681 1423 747 1492 otio,
763 1423 792 1476 eit
806 1423 910 1493 nepotio

266 1501 322 1559 Suo
336 1505 450 1576 quisque
465 1503 610 1576 [tempore]
627 1519 694 1559 usus
708 1506 821 1560 estsine
835 1505 978 1575 superbia.

1 1613 2 1624 ¹
74 1595 234 1660 evidetur
249 1605 343 1658 autem
358 1613 391 1656 sc
406 1596 499 1656 levius
515 1596 701 1674 defendisse,
718 1599 784 1676 quia
801 1596 915 1657 sciebat
930 1607 960 1657 et
971 1596 1071 1657 laelio
1089 1607 1118 1657 et
1131 1587 1182 1670 ἑὲ.

6 1686 11 1694 “
112 1683 244 1760 Scipioni
274 1698 332 1741 non
357 1683 495 1758 ingratam
523 1697 590 1740 esse
614 1681 688 1740 hano
713 1683 891 1761 opinionem
922 1699 997 1758 quae
1022 1690 1118 1741 tamen
1185 1687 1191 1698 '

112 1767 206 1844 magis
223 1774 251 1824 ct
272 1783 365 1844 usque
386 1765 422 1824 ad
442 1766 607 1842 posteriora
622 1773 753 1843 tempora
768 1765 868 1825 valuit.
909 1762 942 1823 0.
967 1763 1117 1824 Memmius

1 1853 3 1894 i
111 1853 142 1910 in
155 1851 286 1909 oratione
303 1865 357 1927 pro
375 1866 407 1908 se
422 1850 475 1908 ait:
506 1847 540 1907 P.
554 1846 743 1926 Africanos,
768 1847 821 1928 qui
842 1857 862 1909 o
886 1847 1027 1910 Terentio
1044 1869 1115 1926 per-

112 1951 223 1996 sonum
242 1938 410 2008 mutuatus,
432 1949 513 2012 quoe
528 1932 633 1993 domui
647 1933 767 1994 luserat
783 1934 867 2011 ipse,
895 1933 1016 1994 uomicae
1031 1935 1118 1994 illios

73 2020 145 2079 eoin
162 2034 287 2078 scenam
302 2015 417 2077 detulit.
454 2017 555 2095 Nepos
571 2025 690 2076 auctore
707 2027 789 2077 certo
807 2020 989 2096 comperisse
1010 2037 1043 2078 se
1066 2020 1115 2093 ait,

1 2113 2 2156 3
113 2101 148 2162 G.
165 2100 292 2162 Laelium
314 2101 456 2179 quondam
477 2103 505 2161 iu
526 2100 685 2161 Puteolano
701 2099 748 2165 lll.
765 2099 874 2161 llartiis
891 2101 1064 2162 admonitum
1080 2101 1116 2160 eit

1 2183 2 2248 l
113 2201 205 2246 uxore
220 2187 379 2262 temperius
394 2195 424 2244 ut
441 2185 637 2245 discumberet
653 2186 762 2263 petisse
779 2184 814 2245 ab
832 2203 866 2246 ea
889 2203 925 2245 ne
949 2185 1116 2265 interpella·

1 2261 3 2334 ἶ
111 2278 175 2344 ret,
196 2286 324 2346 seroque
339 2269 453 2328 tandem
468 2271 629 2346 ingressum
645 2269 797 2330 triclinium
814 2269 934 2346 dixisse,
952 2287 1009 2328 uon
1026 2287 1117 2347 saepe

1 2341 2 2430 J
40 2362 43 2368 ’
112 2354 142 2411 in
157 2352 311 2412 scribendo
328 2354 419 2430 magis
434 2353 489 2412 sibi
507 2355 705 2425 successisse;
729 2353 833 2413 deiude
848 2363 979 2432 rogatum
999 2363 1030 2413 ut
1046 2356 1116 2414 scri·

1 2432 2 2521 ,
73 2443 162 2516 septa
185 2435 234 2499 illa
256 2437 404 2515 proferret
423 2439 626 2516 pronuntiasse
647 2456 749 2498 versus
773 2441 902 2516 quisunt
926 2441 954 2499 iu
970 2437 1116 2498 Heauton·

1 2525 2 2576 l
111 2522 319 2581 timorumeno:

177 2623 252 2680 Sutia
259 2626 312 2696 pol
318 2631 451 2696 proterve
464 2641 507 2682 me
523 2625 739 2698 Spripromissa
754 2625 809 2682 leuc
823 2627 1004 2682 induxerunt.
1046 2689 1047 2693 η

1 2705 2 2788 l
111 2721 215 2781 Santra
238 2719 403 2780 Terentium
425 2723 587 2796 existimat,
610 2723 741 2783 simodo
763 2724 791 2781 in
807 2721 963 2782 scribendo
979 2722 1114 2782 adiutori·
1134 2717 1176 2784 εἷ’

1 2876 2 2884 ¹
109 2804 167 2865 bus
184 2804 357 2880 indiguerit,
373 2823 430 2864 non
449 2815 503 2865 tam
520 2806 657 2884 Scipione
674 2816 704 2866 et
718 2805 817 2865 Laelio
834 2806 875 2864 uti
893 2807 1042 2882 potuisse,
1068 2809 1117 2884 qui

73 2896 180 2949 winae
195 2888 406 2948 adulescentuli
421 2889 551 2964 luerunt,
569 2908 652 2968 quam
676 2887 707 2948 G.
725 2890 856 2966 Sulpicio
875 2888 977 2964 Gallo,
1000 2889 1117 2950 homine

109 2971 198 3032 docto
215 2980 245 3031 ct
261 2975 342 3031 cuius
358 2973 557 3032 consularibus
574 2973 648 3033 ludis
663 2975 770 3032 initium
785 2973 944 3034 fabularum
960 2974 1116 3034 dandarum

107 3056 214 3116 iecerit
220 3054 440 3134 vleFabro
456 3056 592 3116 Labeone
609 3057 690 3117 erit
707 3057 850 3136 Popillio,
874 3057 1116 3119 consulariutro·

32 3207 34 3210 .
108 3157 167 3218 qne
181 3157 217 3198 ao
239 3150 342 3218 poeta;
368 3140 467 3200 ideo
459 3159 552 3240 ipsum
567 3157 623 3200 non
640 3143 759 3202 iuvenes
776 3141 931 3220 designare
948 3143 997 3220 qui
1019 3159 1053 3202 se
1067 3141 1116 3202 ad-

1 3256 2 3282 t
107 3223 209 3283 iuvare
225 3218 371 3300 dicantur,
387 3224 439 3284 sed
457 3225 536 3284 viros
551 3243 680 3304 quorum
697 3243 825 3304 eperum
846 3226 903 3287 et
890 3244 922 3287 ue
943 3225 1023 3287 bello
1040 3227 1097 3287 et
1085 3245 1117 3286 ιιι

71 3319 99 3362 ιι
109 3307 174 3368 otio
192 3306 248 3368 et
234 3325 268 3367 m
282 3307 403 3388 nepotio
419 3308 543 3387 populus
559 3311 596 3370 sit
612 3319 762 3389 expertus.

1 3466 2 3477 ,
172 3406 244 3467 l’ost
259 3409 352 3468 editas
367 3409 536 3470 comoedias
552 3411 676 3469 nondum
696 3410 821 3508 quintum
841 3417 929 3488 atque
947 3409 1116 3468 vicesimum
1151 3381 1204 3497 ‘'7-

2 3505 8 3514 ’
108 3509 249 3567 egressus
278 3509 398 3572 annum,
429 3512 517 3556 causa
546 3493 679 3556 vitandae
709 3494 854 3575 opinionis
881 3509 937 3571 qua
963 3492 1117 3554 videbatur
