2444 3872
552 196 725 248 TIBERIUS.
1067 196 1128 260 113

115 345 276 427 nepotibus
298 365 437 425 parsurus
455 348 597 428 creditur,
615 369 678 413 curn
695 363 724 414 et
742 353 842 416 Gaium
858 368 1026 437 suspectum
1035 361 1128 431 lrabe-

114 441 177 509 ret,
205 439 235 491 et
256 429 403 492 'liberium
427 442 457 492 ut
485 451 523 494 ex
547 433 689 496 adulterio
719 449 894 521 conceptum
911 455 1127 523 aspernaretur.

112 515 180 576 Nec
200 514 341 575 abborret
362 534 378 578 a
398 533 487 587 vero;
512 536 635 598 namque
654 521 811 584 identidem
828 523 950 604 felicem
970 526 1161 630 Priamumq

112 598 261 693 ogcqbqt,
279 599 365 680 qaod
378 608 539 680 superstes
553 604 685 665 omnium
700 603 829 668 snorum
846 609 1007 672 extitisset.
1132 612 1145 692 ᾗ

84 697 101 739 o
177 686 271 761 Quam
289 685 364 745 inter
383 684 458 746 baec
479 703 537 746 non
555 688 643 748 modo
668 691 779 751 invisus
803 711 838 754 ac
854 693 1052 775 detestabilis,
1075 698 1172 768 sedda

112 767 318 850 praetrepidus
330 787 446 850 qnoque
459 779 545 850 atqne
557 771 643 832 etiam
655 775 838 836 contumeliis
853 778 997 840 obnoxius
1008 783 1125 862 vixerit,

111 853 202 914 multa
222 851 330 913 indicia
344 863 417 914 suut.
451 854 632 934 Haruspices
646 868 764 920 secreto
783 878 817 921 ac
834 864 896 922 sine
912 863 1036 924 testibus
1056 884 1125 926 con-

112 937 169 1000 suli
191 937 293 997 vetuit.
321 939 426 998 Vicina
440 957 512 999 vero
528 938 592 998 urbi
609 941 727 1003 oracula
743 948 829 1006 etiem
843 947 986 1007 dissicere
1004 959 1126 1010 conatus

112 1031 175 1101 est,
198 1020 250 1081 sed
268 1023 420 1083 maiestate
440 1021 692 1085 Praenestinarum
717 1031 837 1089 sortium
860 1033 977 1091 territus
1004 1033 1125 1113 destitit,

71 1126 103 1166 ro
113 1123 180 1168 oum
199 1105 368 1184 obsignatas
392 1105 591 1186 deuectasque
604 1109 724 1172 Romam
741 1130 800 1173 non
815 1117 998 1195 repperisset
1011 1120 1040 1177 in
1057 1136 1126 1179 area

110 1192 169 1251 nisi
190 1188 282 1250 relata
304 1208 404 1251 rursus
425 1191 460 1251 ad
475 1191 623 1272 templum.
653 1193 747 1256 Unum
762 1206 791 1256 et
805 1197 926 1259 alterum
941 1202 1124 1279 consulares,

0 1333 1 1340 ,
112 1274 220 1336 oblatis
236 1275 396 1354 provinciis
411 1293 469 1336 non
484 1294 570 1338 ausus
585 1295 601 1338 a
616 1296 650 1338 se
663 1278 817 1361 dimittere,
833 1301 925 1364 usque
941 1302 978 1344 eo
994 1283 1125 1364 detinuit,

112 1359 210 1420 donec
235 1377 428 1420 successores
454 1370 523 1440 post
549 1360 661 1442 aliquot
688 1381 780 1425 annos
801 1369 1004 1446 praesentibus
1025 1369 1123 1440 daret;

112 1461 179 1504 oum
204 1444 319 1503 interim
343 1452 476 1504 manente
502 1445 591 1506 oilioii
612 1447 695 1508 titulo
719 1451 805 1509 etiarn
827 1450 980 1528 delegaret
1001 1453 1124 1533 plurima

5 1587 9 1592 .
68 1550 100 1591 1⁵
110 1526 244 1605 assidue,
269 1546 343 1607 quae
365 1528 408 1587 illi
432 1546 486 1608 per
506 1529 622 1607 legatos
644 1539 673 1591 et
695 1531 841 1594 adiutores
862 1552 930 1595 suos
951 1538 1123 1616 exequenda

111 1620 257 1673 curarent.
284 1610 393 1672 Nurum
413 1629 447 1673 ao
465 1622 591 1693 nepotes
609 1632 762 1694 numquam
783 1617 866 1677 aliter
882 1628 950 1698 post
965 1618 1120 1682 damnatio·
1131 1639 1167 1694 64

108 1712 178 1758 uem
193 1713 276 1775 quam
292 1705 441 1757 catenatos
458 1695 620 1777 obsutaque
635 1698 740 1760 lectica
756 1700 825 1761 loco
839 1705 943 1780 movit,
967 1704 1121 1783 prohibitis

1 1858 2 1875 ,
108 1799 166 1861 per
188 1780 306 1840 militem
330 1780 425 1841 obviis
450 1799 486 1840 ac
506 1782 665 1843 uiatoribus
684 1787 837 1865 respicere
852 1803 973 1865 usquam
987 1788 1036 1848 vel
1054 1806 1122 1849 con·

1 1888 3 1902 ¹
108 1867 227 1926 sistere.

66 1971 99 2010 ρο
175 1949 309 2010 Seianum
331 1967 380 2010 res
401 1966 494 2011 noras
516 1951 701 2030 molientem,
724 1951 855 2033 quamvis
871 1956 926 2014 iam
947 1963 976 2015 et
997 1954 1122 2016 natalem
1130 1973 1164 2027 65

109 2035 175 2094 eius
190 2033 307 2112 publice
326 2033 471 2095 celebrari
487 2031 516 2094 et
530 2037 673 2112 imagines
689 2054 793 2098 aureas
806 2037 865 2098 coli
876 2041 986 2118 passim
997 2037 1120 2119 videret,

107 2119 161 2178 rix
178 2117 292 2179 tandem
311 2126 340 2177 et
355 2128 417 2178 astu
432 2121 525 2196 magis
539 2137 574 2179 ac
591 2119 659 2180 dolo
675 2137 759 2199 quam
774 2123 928 2202 principali
948 2126 1121 2184 anctoritate

108 2201 263 2263 snbvertit.
294 2201 366 2262 Nam
383 2205 495 2282 primo,
519 2212 549 2262 ut
571 2222 586 2264 a
602 2222 633 2263 se
648 2222 702 2282 per
716 2208 848 2284 speciem
861 2205 983 2268 honoris
1001 2207 1120 2269 dimitte·

105 2296 173 2363 ret,
191 2286 338 2365 collegam
353 2285 408 2346 sibi
420 2287 579 2365 adsumpsit
593 2289 621 2346 in
637 2291 735 2368 quinto
747 2291 915 2368 consulatu,
933 2310 1018 2370 quern
1030 2293 1121 2370 longo

65 2371 267 2432 ²5intervallo
284 2368 392 2432 absens
408 2371 445 2432 ob
459 2371 488 2433 id
505 2373 599 2450 ipsum
615 2383 797 2452 susceperat.
827 2375 939 2436 Deinde
955 2394 1009 2455 spe
1029 2377 1120 2436 allini-

107 2458 178 2517 tatis
199 2475 233 2518 ac
247 2455 419 2516 tribuniciae
434 2459 588 2535 potestatis
605 2455 759 2536 deceptum
773 2460 971 2538 inopinantem
991 2461 1119 2520 crimina·

106 2549 155 2600 tus
171 2549 217 2600 est
233 2539 366 2620 pudenda
380 2539 602 2618 miserandaque
619 2543 765 2618 oratione,
784 2560 847 2602 cum
862 2544 937 2602 iuter
950 2542 1005 2603 alia
1021 2552 1119 2623 patres

108 2625 296 2703 conscriptos
317 2634 507 2704 precaretur,
531 2627 678 2696 mitterent
695 2625 817 2686 alterum
833 2645 850 2686 e
866 2627 1049 2703 consulibus,
1071 2629 1119 2706 qui

1 2784 2 2789 ἵ
107 2727 143 2770 se
163 2726 263 2769 senem
285 2718 314 2768 et
335 2708 429 2770 solum
443 2711 472 2769 in
488 2718 676 2789 conspectum
695 2727 794 2770 eorum
811 2727 874 2770 cnm
889 2711 987 2790 aliquo
1004 2711 1119 2772 militari

1 2791 2 2796 ’
68 2819 97 2864 30
109 2792 259 2874 praesidio
274 2794 460 2873 perduceret.
489 2792 540 2854 Sic
555 2810 672 2872 quoque
691 2793 824 2854 diflidens
841 2795 1045 2876 tumultumque
1060 2813 1119 2855 me·

62 2882 67 2886 ’
107 2887 211 2955 tuens,
231 2875 355 2939 Drusum
375 2887 528 2959 nepotem,
551 2895 636 2956 quem
658 2879 782 2939 vinculis
802 2878 895 2939 adbuc
914 2879 1024 2940 Romae
1049 2897 1119 2939 eon·

105 2961 233 3038 fluebat,
249 2962 333 3040 solvi,
350 2963 374 3022 si
390 2981 440 3023 res
456 2971 611 3042 posceret,
632 2949 793 3040 (ducemque
809 2964 943 3023 constitui
957 2981 1118 3043 praecepe-
1210 2970 1211 2973 ’

105 3051 162 3106 ra't.
195 3045 312 3125 Aptatis
333 3047 418 3106 etiam
437 3044 558 3107 navibus
580 3045 616 3105 ad
638 3064 833 3126 quascumque
849 3047 984 3125 legiones
1000 3047 1118 3107 medita-

106 3130 193 3193 batur
210 3127 330 3212 iugem,
352 3129 588 3209 speculabundus
611 3149 649 3189 ex
666 3129 805 3190 altissima
820 3149 893 3212 rupe
910 3131 1066 3191 identidem
1081 3131 1117 3189 si·
1171 3158 1173 3162 ·

66 3231 185 3296 sagma,
209 3232 297 3296 quae,
320 3233 357 3286 ne
379 3215 470 3276 nuntii
493 3223 687 3292 morarentur,
716 3213 780 3275 tolli
797 3215 918 3294 procul,
939 3224 969 3274 ut
991 3212 1117 3293 quidque

106 3299 218 3359 facturn
240 3299 334 3376 foret,
352 3299 548 3361 mandaverat.
587 3299 696 3358 Verum
711 3308 740 3358 et
759 3315 902 3379 oppressa
919 3300 1117 3358 coniuratione

108 3383 207 3443 Seiani
228 3382 318 3445 nihilo
342 3383 475 3445 securior
495 3390 542 3444 aut
564 3384 759 3460 constantior,
783 3401 836 3461 per
848 3397 954 3442 novem
969 3383 1120 3460 proximos

106 3469 227 3528 menses
247 3483 306 3527 uon
325 3483 465 3548 egressus
479 3475 526 3528 est
542 3466 627 3544 villa,
643 3484 717 3545 quae
733 3475 855 3528 vocatur
868 3465 964 3612 Iovisg
1088 3463 1117 3549 tf

1 3600 2 3603 =
113 3581 118 3592 ¹
154 3571 310 3612 suasorium.
