2438 3872
100 233 163 295 220
188 247 218 295 c.
233 247 386 297 sunuom
398 247 527 306 aaran.
541 247 588 294 nu
600 247 684 295 urar
697 245 882 294 consanum
894 247 963 294 urs.
978 247 1039 296 vn.

103 408 198 477 cerat,
215 401 418 479 inchoantique
435 400 603 462 Neroniana
619 403 731 462 cantica
747 401 855 480 primus
868 401 1000 461 exultans
1013 400 1107 460 etiarn

56 491 91 546 12
103 485 219 566 plausit.
251 484 370 546 Talibus
385 486 551 565 principiis,
567 504 701 564 magnam
718 486 831 565 imperii
853 485 964 564 partem
984 485 1106 545 nonnisi

101 569 224 629 consilio
244 578 274 629 ct
291 569 411 630 arbitrio
432 570 563 630 uilissimi
587 571 726 649 cuiusque
748 568 918 630 histrionum
940 576 970 628 et
985 570 1100 646 auriga-

98 671 161 713 rum
182 653 404 731 administrauit,
432 662 461 714 et
477 655 600 714 maxime
622 654 743 714 Asiatici
765 651 873 713 liberti.
900 653 983 712 Hunc
1001 651 1100 712 adole

99 738 261 800 scentolum
275 747 370 798 mutua
380 737 497 798 libidine
510 746 734 817 constupratum,
750 753 820 797 mor
833 736 929 798 taedio
943 735 1100 815 profugum
1113 751 1132 790 s

101 840 164 883 cum
179 820 308 882 Puteolis
330 835 451 900 poscam
471 820 644 883 uendentem
665 819 919 900 reprehendisset,
942 821 1048 880 coiecit
1068 822 1101 879 in

101 906 260 985 compedes
276 907 430 984 statimque
445 906 533 966 solvit
549 915 577 965 et
588 924 687 965 rursus
698 907 727 964 in
739 904 854 965 deliciis
865 903 1099 973 habuit;.iterum

99 989 204 1050 deinde
221 988 259 1049 oh
274 991 388 1049 nimiam
405 990 612 1050 contumaciam
630 998 659 1048 et
674 989 858 1049 ferocitatem
872 997 1024 1066 grauatus,
1042 989 1097 1047 cir·

101 1074 288 1134 oumforaneo
309 1073 432 1134 lanistae
455 1073 583 1133 uendidit
604 1073 779 1151 dilatumque
803 1073 950 1142 adfinem
971 1073 1098 1132 muneris

99 1165 222 1236 repente
238 1155 397 1235 subripuit„
407 1165 437 1216 et
450 1159 601 1236 prouincia
618 1157 729 1216 demum
742 1165 865 1236 accepta
875 1157 1046 1233 manumisit,
1061 1173 1097 1216 ac
1110 1173 1137 1215 rc

100 1243 192 1319 primo
208 1241 322 1318 imperii
339 1241 384 1300 die
402 1242 497 1300 aureis
513 1240 630 1301 donauit
651 1240 744 1302 anulis
764 1258 854 1320 super
876 1258 1011 1332 capuam,
1033 1257 1139 1308 cume

99 1342 193 1399 mane,
209 1323 379 1400 rogantibus
391 1341 446 1403 pro
459 1327 495 1385 eo
510 1327 631 1400 cunctis,
646 1325 806 1384 detestatus
819 1330 899 1384 esset
911 1317 1098 1384 seuerissime

100 1408 188 1469 talem
204 1409 350 1485 equestris
366 1407 475 1468 ordinis
492 1410 643 1469 maculam.

56 1509 92 1564 13
115 1490 117 1492 ’
161 1491 220 1551 Sed
237 1491 284 1550 uel
299 1494 458 1570 praecipue
474 1492 604 1553 luxuriae
620 1494 817 1572 saeuitiaeque
841 1493 970 1568 deditus,
994 1491 1097 1570 epulas

98 1575 236 1636 trifariam
252 1587 377 1655 semper,
391 1576 533 1636 interdurn
549 1575 750 1656 quadrifariam
766 1576 971 1656 dispertiebat,
994 1577 1021 1634 in
1036 1577 1096 1635 ien·
1108 1596 1133 1637 aa
1210 1629 1211 1656 ,

60 1675 76 1731 ρ
98 1659 193 1720 tacula
210 1668 239 1718 et
255 1658 374 1739 prandia
389 1669 419 1720 et
434 1677 540 1744 Quas
553 1661 843 1741 coniurationesque,
861 1660 950 1722 facile
966 1659 1098 1720 omnibus

99 1743 249 1804 sufficiens
277 1742 432 1805 uomitandi
467 1744 686 1805 consuetudine.
725 1743 877 1805 Indicabat
900 1753 996 1806 autem
1020 1743 1097 1804 aliud
1210 1753 1211 1814 f

98 1827 148 1887 alii
162 1827 264 1888 eadem
279 1826 335 1904 die,
352 1846 408 1887 nec
423 1831 555 1908 cuiquam
570 1830 661 1889 minus
677 1829 783 1906 singuli
794 1838 950 1908 apparatus
963 1827 1096 1907 quadrin-

98 1914 183 1989 genis
193 1910 312 1971 ‚milibus
329 1929 470 1972 nummum
487 1915 686 1973 constiterunt.
715 1912 920 1974 Famosissima
937 1930 1026 1991 super
1048 1930 1096 1972 ce·

58 2019 80 2066 a
98 2004 177 2054 teras
190 1995 242 2054 fuit
260 2013 351 2077 „operta
366 1995 431 2056 data
449 1999 476 2056 ei
492 1997 653 2057 aduenticia
671 2016 687 2058 a
702 1997 807 2075 fratre,
830 1999 929 2077 inqua
946 1997 1002 2057 duo
1019 1997 1135 2057 miliaro

98 2079 320 2138 lectissimorum
349 2079 487 2156 piscium,
519 2089 631 2160 septem
657 2083 751 2140 avium
776 2081 912 2161 appasita
938 2079 1096 2141 traduntur.

97 2162 179 2222 lianc
195 2179 310 2239 quoque
327 2167 497 2241 exuperauit
513 2166 577 2243 ipse
593 2164 776 2226 dedicatione
791 2167 929 2245 patinae,
954 2183 1038 2268 quam
1058 2163 1097 2224 oh'

49 2289 51 2294 ,
98 2248 263 2305 immensam
278 2245 499 2324 magnitudinem
517 2249 648 2326 clipeum
667 2247 829 2310 Mineruae
849 2248 1034 2328 πολιουχου
1055 2249 1095 2308 di·

99 2327 227 2389 ctitabat.
249 2327 282 2389 ln
295 2329 349 2390 hac
367 2349 516 2392 scarorum
531 2334 671 2411 iocinera,
689 2332 892 2412 phasianarum
908 2342 937 2392 et
952 2351 1095 2413 pauonum

99 2412 267 2500 cerebella,
286 2413 400 2491 linguas
422 2415 734 2495 phoenicopterorum,
752 2435 933 2478 murenarum
954 2418 1064 2494 lactes,
1079 2435 1133 2477 aas

98 2497 212 2558 Parthia
229 2515 320 2577 usque
336 2498 472 2577 fretoque
487 2499 646 2579 Hispanico
663 2519 716 2580 per
732 2501 896 2562 nauarchos
912 2519 947 2561 ac
961 2502 1094 2564 triremes

99 2583 262 2660 petitarum,
280 2583 469 2643 commiscuit.
498 2585 536 2646 Ut
554 2594 648 2645 autem
663 2584 749 2645 homo
765 2602 823 2645 non
835 2585 996 2665 profundae
1006 2585 1094 2646 modo

98 2664 150 2723 sed
166 2668 387 2743 intempestivae
403 2685 519 2747 qnoque
536 2685 571 2729 ac
586 2668 721 2728 sordidae
735 2669 834 2746 gulae,
850 2689 888 2730 ne
903 2671 932 2728 in
948 2670 1093 2731 sacrificio

98 2747 213 2824 quidem
226 2767 357 2826 umquam
371 2760 418 2810 aut
430 2752 533 2811 itinere
549 2752 609 2812 nllo
625 2755 807 2831 temperavit,
822 2755 890 2832 quin
902 2755 978 2814 inter
993 2755 1093 2816 altaria

96 2828 202 2889 ibidem
218 2833 312 2890 statim
328 2835 426 2895 dacus
441 2843 470 2894 et
484 2835 501 2873 *
515 2836 601 2897 farris
619 2855 711 2916 paene
726 2847 809 2916 rapta
821 2856 838 2896 e
850 2828 920 2898 foco
932 2837 1090 2914 mandaret,
1101 2854 1130 2896 ao

97 2915 234 2992 circaque
255 2915 362 2978 uiarum
384 2921 508 2998 popinas
529 2920 664 2981 fumantia
686 2920 823 2997 obsonia,
849 2921 895 2981 uel
910 2921 1037 3002 pridiana
1051 2931 1091 2982 at·
1127 2953 1130 2960 v

96 3016 153 3075 que
172 3015 296 3058 semesa.

54 3087 88 3144 14
159 3082 270 3142 Pronus
292 3101 364 3144 uero
390 3084 426 3145 ad
452 3087 658 3168 cuiuscumque
687 3098 715 3148 et
739 3107 919 3168 quacumque
945 3090 981 3151 de
1003 3108 1091 3152 causa

94 3184 197 3226 necem
214 3176 300 3246 atque
316 3169 499 3248 supplicium,
515 3172 629 3233 nobiles
643 3175 740 3250 uiros,
764 3173 982 3252 condiscipulos
997 3182 1027 3235 et
1042 3194 1090 3237 ac-

95 3250 196 3326 quales
221 3269 308 3330 suos,
335 3253 466 3313 omnibns
488 3254 633 3316 blanditiis
653 3266 761 3318 tantum
782 3276 839 3318 non
860 3257 897 3318 ad
920 3261 1124 3320 societatemn

93 3333 207 3411 imperii
219 3332 419 3414 adlicefactos,
435 3341 516 3398 vario
529 3357 639 3416 genere
651 3340 760 3401 fraudis
773 3342 894 3414 occidit;
908 3345 992 3404 etiarn
1004 3362 1089 3404 unum

94 3433 207 3475 ueneno
224 3433 307 3478 manu
326 3439 376 3481 sua
392 3430 529 3500 porrecto
546 3423 573 3482 in
593 3441 685 3501 aquae
700 3425 823 3503 frigidae
846 3429 982 3507 potione,
1004 3446 1087 3507 quam

92 3498 119 3555 is
135 3497 267 3560 adfectus
282 3501 365 3563 febre
382 3514 569 3585 poposcerat.
600 3507 671 3567 Turn
685 3510 900 3572 foeneratorum
918 3519 947 3572 et
970 3512 1087 3594 stipula·
