2444 3872
500 211 672 260 nrnnums.
1032 207 1092 269 117

78 365 172 428 nnodo
188 364 360 443 destinavit,
381 381 440 426 non
460 373 571 426 temere
591 367 744 446 quicquam
760 369 815 428 nisi
831 387 869 430 ex
880 378 942 430 tcto
959 389 1090 435 ausurus.

82 451 145 512 Sed
162 449 386 530 tempestatibus
404 457 433 509 et
446 449 672 527 ingravescente
687 453 716 510 ri
732 452 827 512 morbi
841 463 983 534 retentus,
1001 458 1090 537 paulo

80 544 154 616 post
166 533 241 594 obiit
258 534 289 594 in
306 533 375 594 villa
390 532 563 610 Lucullana,
582 543 689 595 omaro
706 544 736 595 et
753 541 970 616 septuagesimo
985 544 1092 603 aetatis

1 660 5 685 ι
81 637 171 696 anno,
195 619 285 680 tertio
313 625 342 677 et
363 619 504 678 vicesimo
521 618 645 697 imperii,
672 617 826 681 xv11.1d.
842 622 900 702 dp.
922 621 981 683 GN.
996 625 1089 687 doer-

3 738 8 750 ·
57 705 170 768 cronio
185 701 312 763 Proculo
328 699 361 761 G.
378 701 482 762 Pontio
491 700 616 778 Nigrino
631 720 728 763 conss.
991 727 1001 745 ι

146 787 218 847 Sunt
231 787 284 864 qui
298 794 416 864 putent,
439 801 583 846 uenenum
597 787 624 846 ei
640 804 657 846 a
674 786 746 848 Gaio
764 787 860 848 datum
877 789 986 851 lectum
1002 802 1089 872 atque

79 871 244 940 tabificum
269 870 335 947 alii,
360 870 390 929 in
411 871 584 940 remissione
601 870 737 932 fortuitae
758 871 849 932 febris
865 873 960 934 cibum
976 875 1088 939 deside·

78 958 155 1018 nanti
172 963 328 1032 negatumz
343 954 492 1032 nonnulli,
516 954 663 1034 pulvinum
680 956 826 1034 iniectum,
845 975 911 1018 orn
927 968 1089 1022 extractum
1139 975 1140 978 ’

79 1039 138 1100 sibi
159 1039 307 1100 deficienti
328 1036 442 1099 anulum
454 1055 525 1099 nox
544 1040 724 1119 resipiscens
745 1043 928 1120 requisisset.
973 1044 1089 1116 Seneca

45 1145 72 1188 no
83 1141 151 1184 eum
163 1122 280 1200 scribit,
303 1121 452 1195 intellecta
473 1121 656 1200 defectione,
678 1134 843 1204 exemptum
866 1127 981 1188 anulum
1005 1129 1088 1208 qussi

79 1208 169 1268 alicui
188 1207 356 1268 traditurum
371 1223 527 1286 parumper
546 1208 692 1284 tenuisse,
715 1207 781 1268 dein
796 1227 896 1270 rursus
910 1221 1028 1291 aptasse
1046 1211 1086 1272 di·

79 1294 164 1370 gito,
193 1299 222 1350 et
245 1307 417 1369 compressa
442 1288 557 1351 sinistra
578 1310 664 1352 manu
685 1293 811 1354 iacuisse
828 1293 876 1354 diu
895 1295 1085 1366 immobilem

0 1422 9 1445 1
80 1375 179 1437 subito
191 1377 306 1436 vocatis
317 1376 454 1435 ministris
466 1393 502 1435 ao
514 1377 628 1435 nemine
638 1377 845 1456 respondente,
855 1381 1087 1459 consurrexisse,

79 1479 139 1520 noe
154 1459 259 1539 procul
275 1458 413 1520 alectulo
431 1459 633 1520 deficientibus
647 1459 758 1520 viribus
771 1460 945 1522 concidisse.
1031 1528 1034 1534 ι

42 1563 69 1604 ιι
148 1545 292 1623 Supremo
303 1543 391 1604 natali
405 1559 459 1603 suo
477 1543 647 1621 Apollinem
659 1543 837 1605 Temenitem
849 1554 879 1604 et
893 1547 1086 1626 amplitudinis
1094 1553 1130 1612 tt
1199 1589 1205 1596 -

80 1639 111 1690 et
123 1629 195 1689 artis
213 1629 351 1705 eximiae,
370 1626 524 1688 advectum
540 1628 694 1703 Syracusis
710 1638 740 1688 ut
752 1629 781 1687 in
796 1625 974 1692 bibliotheca
985 1633 1086 1712 templi

79 1714 151 1773 novi
167 1721 343 1792 poneretur,
365 1711 478 1772 viderat
500 1729 555 1790 per
576 1713 702 1790 quietem
724 1712 914 1775 affirmantem
934 1715 1007 1792 sibi,
1028 1733 1087 1777 non

80 1814 174 1877 posse
191 1815 224 1856 se
244 1795 280 1856 ab
296 1798 363 1875 ipso
376 1795 514 1856 dedicari.
547 1795 586 1856 Et
602 1804 667 1856 ante
679 1812 790 1876 paucos
807 1815 893 1876 quam
911 1798 1007 1859 obiret
1023 1799 1087 1860 dies

1 1881 3 1937 l
80 1883 171 1942 turris
192 1879 278 1942 Phari
300 1888 494 1940 terraemotu
513 1877 634 1959 Capreis
657 1880 792 1941 concidit.
828 1881 874 1941 Ao
889 1881 992 1944 Miseni
1015 1884 1086 1943 cinis

40 1983 97 2026 noe
114 1965 216 2027 favilla
232 1973 262 2024 et
279 1963 453 2026 carbonibus
469 1963 505 2024 ad
518 1964 726 2026 calfaciendum
743 1965 896 2026 triclinium
910 1967 1019 2045 inlatis,
1036 1986 1085 2028 ex·

78 2052 188 2110 tinctus
203 2051 260 2109 ium
274 2057 303 2109 et
317 2047 364 2108 diu
380 2048 511 2127 frigidus,
528 2051 637 2108 exarsit
652 2058 775 2128 repente
793 2050 883 2129 prima
903 2069 1030 2130 vespera
1046 2060 1085 2112 at·

1 2149 2 2152 ’
80 2152 139 2214 que
155 2133 314 2193 inmultam
330 2142 446 2193 noctem
462 2134 652 2212 pertinaciter
669 2133 751 2193 luxit.
1075 2095 1117 2188 ᾗ

147 2217 241 2280 Morte
260 2219 323 2277 eius
339 2219 379 2277 ita
400 2217 522 2277 laetatus
544 2226 590 2277 est
607 2217 750 2296 populus,
772 2226 802 2278 ut
824 2217 859 2279 ad
876 2219 996 2297 primum
1015 2235 1129 2296 nun-75

78 2305 151 2364 tium
169 2301 366 2362 discurrentes
385 2319 469 2381 pars:
496 2298 649 2362 Tiberium
666 2301 698 2362 io
721 2299 874 2363 Tiberim!
894 2303 1085 2383 clamitarent,

40 2405 69 2446 so
79 2405 150 2467 pars
166 2385 285 2448 Terram
296 2395 416 2447 matrem
434 2384 565 2464 deosque
580 2385 680 2448 Manes
694 2394 828 2463 orarent,
848 2405 888 2447 ne
900 2393 1021 2448 mortno
1037 2405 1084 2448 se·

1 2494 2 2532 1
79 2470 263 2550 demultum
274 2468 429 2530 nisiinter
441 2469 554 2548 impios
568 2469 689 2546 dorent,
707 2468 754 2530 alii
769 2487 871 2530 uncum
889 2479 919 2529 et
931 2469 1086 2532 Gemonias

1 2621 2 2628 χ
79 2554 219 2616 cadaveri
237 2555 431 2631 minarentur,
458 2553 627 2614 exacerbati
648 2571 737 2633 super
754 2554 920 2613 memoriam
945 2555 1086 2632 pristinae

1 2632 2 2687 ἶ
79 2636 265 2700 crudelitatis
278 2641 364 2700 etiam
378 2639 491 2701 recenti
506 2638 668 2698 atrocitate.
706 2635 780 2696 Nam
799 2654 862 2696 oum
880 2645 999 2698 senatus
1018 2655 1085 2699 oon-

79 2723 159 2785 sulto
176 2731 289 2805 cautum
304 2731 384 2783 esset
396 2730 427 2782 ut
445 2739 541 2801 poena
556 2717 752 2782 damnatorum
766 2722 795 2780 iu
814 2719 955 2781 decimum
970 2739 1086 2801 semper

42 2820 69 2862 ao
80 2808 159 2873 diem
174 2807 350 2884 differretur,
372 2807 450 2866 torte
465 2805 571 2866 accidit
589 2815 619 2865 ut
638 2803 816 2884 quorundam
831 2805 967 2885 supplicii
982 2805 1045 2866 dies
1061 2807 1086 2865 is

79 2900 172 2969 esset,
190 2908 248 2971 quo
266 2893 422 2951 nuntiatum
438 2889 473 2950 de
487 2888 606 2949 'liberio
624 2897 696 2949 erat.
725 2888 787 2948 llos
801 2889 981 2969 implorantis
995 2890 1085 2950 bomi-

1 2999 2 3042 3
77 2994 147 3037 num
162 2975 265 3052 iidem,
288 2977 355 3056 quia
372 2975 493 3036 absente
510 2973 605 3034 adhuc
623 2972 694 3036 Gaio
709 2991 794 3044 nemo
811 2973 928 3034 e'xtabat
947 2976 996 3052 qui
1013 2974 1086 3036 adiri

77 3059 323 3140 interpellarique
340 3068 459 3139 posset,
478 3057 630 3134 custodes,
650 3075 688 3116 ue
706 3057 774 3137 quid
790 3057 931 3118 adversus
948 3062 1085 3118 constitu·
1158 3103 1162 3108 .

77 3153 138 3204 tum
157 3143 308 3222 lacerent,
338 3141 592 3220 strangulaverunt
614 3140 840 3221 abieceruntque
864 3144 893 3201 in
920 3140 1084 3203 Gemonias.

39 3249 66 3291 ιι
79 3225 183 3288 Grevit
197 3229 287 3306 igitur
304 3229 428 3304 invidia,
450 3227 532 3305 quasi
544 3226 629 3286 etlam
644 3233 712 3304 post
725 3235 848 3286 mortem
861 3227 975 3300 tyranni
990 3225 1083 3285 saevi·
1117 3242 1120 3248 ·

1 3354 2 3361 ι
76 3312 118 3372 tia
133 3320 333 3392 permanente.
372 3309 488 3390 (lorpus
505 3318 535 3369 ut
549 3310 691 3369 moveria
707 3308 819 3371 Miseno
835 3309 949 3387 coepit,
967 3306 1083 3368 concla-

76 3395 222 3457 mantibus
237 3394 388 3476 plerisque
399 3392 533 3457 Atellam
542 3393 648 3472 potius
662 3391 862 3472 deserendum
876 3397 905 3452 et
918 3391 950 3452 io
965 3390 1082 3471 cmpba‘-
