2408 3870
491 156 696 206 subernum.
947 157 1043 206 LXXV

135 316 232 384 initia,
252 332 323 386 quae
340 316 528 384 incrementa,
550 332 618 387 quas
633 315 798 371 mutationes
813 315 959 384 babuerit,
983 322 1038 372 tum

132 399 171 454 de
187 399 271 454 claris
286 399 474 472 scriptoribus
491 395 559 472 (cir.
575 416 601 470 p.
618 404 680 466 259.
697 403 739 458 24.
764 403 826 468 269,
844 394 893 470 st)
911 397 1038 469 singula-

133 482 183 538 tim
200 488 314 552 ageret,
332 488 540 554 temporumque
561 481 686 540 ordinem
708 488 820 537 secutus
843 497 936 538 eorum
955 483 1039 538 vitam

134 571 163 620 et
184 565 291 636 scripta
312 565 437 622 breviter
457 566 656 637 perscriberet.
702 563 787 630 Quam
803 580 870 620 vero
889 565 1039 634 diligenter

132 643 288 719 singulam)
301 654 493 720 perscrutatus
514 649 551 704 sit
565 655 763 719 auctorumque
785 647 953 704 testimoniis
970 664 1039 704 con·

134 724 302 802 firmaverit,
324 732 472 804 praeclaro
495 731 623 802 exemplo
638 731 762 788 Terentii
779 732 835 787 vita
857 732 1039 788 demonstrat.

197 815 255 870 llec
273 813 396 870 editione
413 815 537 872 libellum
555 814 663 886 quidem
677 815 712 871 de
727 815 916 871 Grammaticis
932 821 960 869 et
974 816 1040 870 rbe-

130 897 253 967 toribus,
270 903 299 952 ut
314 899 403 954 adbuc
418 899 479 968 luit,
494 904 653 969 separatum
668 897 845 969 reliquimus:
866 905 975 954 ceteras
990 915 1038 953 au·

132 987 188 1035 tem
203 980 340 1052 reliquias
355 981 393 1038 ite
410 981 528 1038 interne
544 981 758 1053 composuimus,
774 988 805 1036 nt
817 981 888 1037 vitas
905 995 975 1052 quae
991 998 1039 1036 su-

132 1070 251 1136 persunt
278 1063 406 1135 integrae
428 1081 489 1121 cum
511 1065 645 1121 breuibus
669 1064 727 1120 illis
754 1064 878 1120 chronici
899 1063 1039 1134 Hierony-

86 1141 87 1144 ’
129 1147 217 1204 mium
247 1146 437 1204 notationibus
463 1148 694 1218 coniungeremus
722 1163 754 1202 ao
782 1163 834 1220 pro
855 1148 988 1204 librorum
1011 1153 1039 1203 et

131 1236 289 1302 temporum
304 1230 413 1287 ratione
429 1231 648 1303 disponeremus.
669 1231 826 1286 lleminerit
840 1230 926 1300 igitur
938 1231 1037 1300 lector,

131 1330 166 1371 ea
190 1315 254 1370 loca
268 1312 432 1383 Hieronymi
452 1315 562 1385 singula
579 1330 630 1386 pro
645 1313 721 1370 tenui
737 1313 853 1385 quadem
875 1314 970 1370 umbra
989 1329 1038 1370 co·

132 1397 276 1467 piosarum
288 1397 415 1467 vitarum,
427 1398 524 1468 quoles
540 1398 686 1453 nonnullas
702 1397 811 1453 fortuna
825 1396 959 1467 servavit,
975 1413 1040 1452 esse

132 1481 273 1549 habenda,
290 1479 423 1536 uniuersa
436 1496 504 1536 vero
518 1496 552 1537 ne
562 1480 698 1548 ¹dimidiae
715 1480 825 1550 quidem
838 1481 927 1553 partis
945 1480 1040 1552 operis

131 1580 149 1618 a
165 1562 329 1633 Tranquillo
349 1564 449 1634 scripti
466 1563 576 1620 nomina
591 1564 713 1635 prodere
729 1580 761 1618 ac
776 1562 942 1619 memoriam.
972 1562 1039 1619 llam

131 1662 195 1700 cum
216 1646 459 1717 grammaticorum
479 1646 554 1702 XXll
575 1645 755 1718 superstitum
776 1646 962 1715 Hieronymus
984 1661 1039 1702 non

132 1729 253 1801 amplius
275 1730 414 1800 quinque,
443 1731 584 1786 rhetorum
610 1735 701 1786 antem
722 1729 785 1784 XVI
813 1735 915 1784 tantum
943 1730 1039 1784 decem

132 1813 277 1867 mentione
304 1813 406 1883 dignos
431 1812 612 1881 iudicaverit,
642 1813 736 1884 itaque
756 1813 791 1867 de
813 1812 878 1868 vitis
900 1811 1038 1870 XXXVIII

129 1894 293 1967 quindecim
317 1896 416 1950 reddat
437 1897 531 1967 aliquo
552 1895 633 1951 modo
654 1894 682 1948 in
700 1895 839 1967 epitomen
862 1901 1036 1951 contrectas:

130 1979 196 2050 plus
213 1995 293 2048 quam
310 1963 577 2050 dimidiam⁸pnrtem
595 1978 745 2039 illustrium
761 1978 898 2047 virorum,
923 1995 1038 2049 quorum

131 2061 206 2116 vitas
221 2079 236 2116 a
253 2062 389 2118 Suetonio
401 2063 484 2134 plene
499 2062 619 2134 scriptas
634 2062 760 2118 manibus
775 2062 897 2131 tenebat,
910 2068 1038 2134 praeter-

128 2144 245 2200 misisse
261 2151 289 2199 et
304 2144 378 2215 quod
396 2145 424 2200 in
443 2161 477 2202 eo
495 2146 547 2200 luit
564 2145 700 2200 oblivioni
718 2145 867 2202 tradidisse
883 2145 938 2201 dici
956 2151 1036 2217 pote-

130 2222 227 2300 rit⁵⁰).
272 2227 329 2283 Sed
346 2227 434 2298 iniqui
457 2245 491 2283 ne
514 2229 616 2296 simus,
643 2229 733 2297 gratia
754 2229 780 2284 ei
803 2229 895 2300 potius
909 2229 1036 2284 habenda

128 2311 188 2366 erit
209 2327 304 2366 eorunm
321 2327 392 2382 quae
419 2310 540 2368 servavit
563 2327 644 2382 quum
670 2311 844 2366 irascendum
864 2317 981 2383 propter
1001 2328 1034 2366 ea

131 2410 205 2465 quae
221 2394 387 2465 suppressit.

194 2477 227 2531 lit
243 2494 310 2532 vere
327 2477 463 2533 Suetonio
484 2477 624 2534 reddenda
644 2495 706 2532 esse
722 2477 812 2533 omniu
836 2477 896 2532 lere
913 2493 984 2548 quae
1000 2478 1036 2532 de

133 2561 263 2616 Romanis
295 2555 526 2634 scriptoribusffi)
562 2560 634 2632 apud
668 2561 866 2630 Hieronymum
893 2560 1034 2631 leguntur,

130 2650 198 2714 post
213 2643 362 2699 Pontacum
378 2651 406 2698 et
422 2643 613 2714 scaligerum,
635 2643 785 2698 Eusebiani
803 2642 928 2700 chronici
944 2644 1035 2699 edito-

132 2771 333 2784 m—

200 2852 246 2918 58)
264 2855 302 2904 Ita
322 2863 387 2918 quae
405 2855 502 2920 pens,
518 2855 550 2904 12
567 2857 692 2921 leguntur,
712 2857 820 2906 Varroni
838 2858 968 2918 debentur,
988 2855 1034 2906 cir.

129 2923 227 2974 Plinius
245 2937 270 2975 n.
287 2923 314 2972 la.
330 2922 363 2972 25
378 2925 445 2985 §2l.

202 2987 250 3050 59)
281 2990 346 3041 Vide
374 2991 449 3041 modo
474 3000 585 3042 oratores
605 3007 632 3058 p.
651 2991 703 3043 289
726 3001 749 3042 et
768 2992 901 3043 historicos
929 3008 945 3058 p
974 2991 1035 3052 300,

127 3073 239 3124 qnorum
262 3073 314 3110 non
334 3060 490 3124 antiquiores
509 3061 713 3112 commemoravit
736 3061 856 3112 Cicerone
879 3067 903 3110 et
919 3059 1034 3111 Cornelio

130 3127 235 3176 Necte.

168 3142 246 3259 Ρ60)
266 3195 322 3246 Non
338 3197 440 3246 omnino
458 3197 554 3255 omnia;
579 3211 635 3246 nam
649 3197 750 3246 aliunde
767 3199 873 3264 petitum
889 3206 929 3248 est
941 3211 964 3245 v.
976 3211 998 3244 c.
1009 3197 1036 3246 id

127 3263 200 3325 quod
218 3263 332 3314 Remmia
352 3263 497 3314 Palaemoni
514 3265 656 3314 subiunxit:
672 3267 715 3330 qui
726 3269 847 3330 quondam
865 3268 1036 3327 interrogatae

128 3333 192 3394 quid
211 3333 382 3382 interstitium
402 3342 433 3384 ‚et
448 3342 543 3398 puttam
565 3336 707 3392 interesset,
732 3342 824 3398 putta
851 3336 929 3397 inquit
950 3339 1020 3381 stat

126 3401 225 3450 stilla
250 3403 352 3451 cadit.
389 3402 453 3451 Vide
471 3403 544 3450 etiam
565 3401 631 3451 inira
650 3403 735 3454 adnot.
753 3402 795 3452 63.
