2408 3870
287 218 337 265 XX
625 215 833 266 PRAEFATIO.

289 375 367 432 multi
394 377 427 432 ab
453 374 607 432 editoribus
631 377 676 431 vel
702 376 804 433 leviter
830 375 949 448 inspecti
972 377 1016 432 uel
1043 377 1199 448 diligenter

289 459 385 515 collati
402 463 472 515 suut.
519 457 611 514 Sicut
625 461 761 531 exemplis
779 467 856 530 utar,
874 459 988 516 Parisiis
1008 461 1035 515 in
1053 461 1198 532 lmperiali

288 542 460 599 bibliotheca
480 541 546 597 libri
570 541 659 597 XXIV
674 559 788 600 numero
810 549 975 615 servantur,
996 561 1048 616 per
1062 543 1198 602 Alaman-

289 626 360 682 niam
367 625 548 694 Basilienses,
563 625 776 697 Frihurgenses,
794 628 961 684 Turicenses
973 629 1110 697 singulos,
1127 629 1198 684 Ber-

288 725 389 765 uenses
406 705 475 784 (non
489 704 668 781 Bromenses)
685 711 755 766 duos
769 713 880 767 hahent.
926 711 1129 781 Sed-intanto·
1144 728 1198 765 nu-

232 818 234 822 ·
288 808 366 849 mero
388 792 470 865 pauci
492 798 571 862 sunt,
594 809 708 863 quorum
730 793 880 850 collatione
898 795 983 850 hodio
1005 793 1197 850 Suetonianus

287 875 361 932 liber
375 876 500 932 adiuvari
513 892 597 948 posse
606 876 743 932 videatur.
768 877 802 932 Et
813 878 977 949 antiquitate
988 883 1017 933 et
1031 877 1197 947 integritate

287 959 423 1030 reliquos,
432 965 567 1031 quotquot
578 960 667 1016 adhuc
677 961 866 1035 innotuerunt,
875 977 969 1017 omncs
982 961 1067 1031 longe
1079 967 1198 1032 superat

288 1043 1098 1113 etquasiubscuratllemmiauusliberParisiuue
1113 1049 1196 1104 6115.

287 1126 383 1196 lteque
398 1127 482 1198 paulo
499 1127 641 1198 copiosius
658 1128 692 1182 de
713 1144 747 1184 ao
763 1129 908 1184 dicendum
925 1127 1064 1182 existimo.

126 1217 202 1280 codex
213 1217 279 1284 uem·
348 1210 464 1280 l'rodiit,
485 1216 514 1265 ut
528 1210 582 1265 iarn
599 1210 729 1280 diximus,
745 1229 761 1266 c
775 1211 930 1267 'turonensi
946 1210 1118 1268 bibliotheca
1136 1208 1196 1285 (in-¹

157 1281 248 1312 armus.
288 1295 402 1366 scripsit
418 1293 490 1348 enim
504 1309 579 1349 saec.
597 1293 660 1348 Xlll
675 1294 905 1350 bibliothecarius
922 1293 1038 1365 aliquis:
1054 1293 1130 1350 iste
1146 1295 1195 1350 li-

288 1380 424 1435 horest
441 1377 482 1432 de
505 1377 658 1433 armario
679 1378 877 1434 numantini
895 1375 970 1451 tir)
989 1393 1060 1432 anno
1077 1377 1197 1436 circiter

288 1467 355 1520 1562
371 1477 422 1532 per
436 1461 548 1529 turbas,
566 1465 596 1513 ut
612 1477 666 1530 ego
682 1462 827 1532 existimo,
843 1460 1032 1531 Hugcnoticas
1047 1461 1197 1533 pervenit-

288 1561 341 1616 que
362 1545 390 1598 in
414 1543 612 1599 bibliothecam
633 1544 747 1601 Henrici
761 1545 879 1601 llernmii
902 1541 953 1618 (de
967 1539 1100 1617 lllosmes)
1125 1561 1197 1616 sup-

285 1629 388 1699 plicum
402 1627 560 1682 libellorum
576 1627 605 1684 in
619 1629 699 1698 regia
713 1629 848 1700 magistri.
878 1626 944 1684 Nam
961 1627 1196 1699 quodllohertum

287 1711 455 1782 Stephanum
477 1710 513 1776 iu
535 1711 705 1768 emendanda
730 1712 853 1768 editione
878 1711 1003 1766 Parisina
1035 1710 1098 1766 anni
1122 1717 1196 1772 1543

285 1795 446 1852 Memmianc
469 1793 567 1850 codice
583 1807 661 1850 usum
677 1812 740 1850 esse
757 1794 891 1851 Graevius
909 1788 1013 1864 aliique
1029 1793 1196 1864 voluerunt,

285 1879 314 1934 id
344 1879 442 1934 lalsum
472 1873 558 1949 est').
603 1879 724 1948 Primus,
754 1884 882 1949 quantum
905 1877 1077 1947 investigare
1099 1878 1194 1948 potui,

284 1962 445 2018 blemmiuno
484 1961 575 2016 codici
609 1977 723 2033 operam
754 1962 830 2018 dedit
858 1960 1013 2018 lladriauus
1044 1959 1194 2018 Turnebus

284 2063 310 2100 a·
327 2050 410 2113 1564,
434 2045 479 2116 qui
502 2044 529 2098 in
546 2044 880 2115 Adversariorum·parte
896 2043 986 2099 media
1002 2042 1049 2098 lib.
1066 2049 1196 2102 13-24

282 2127 381 2184 Errico
394 2128 518 2183 Memmio
529 2129 669 2198 dedicate,
684 2145 774 2200 neque
788 2133 878 2184 tamen
892 2128 953 2182 eius
966 2126 1076 2183 nomine
1088 2127 1199 2184 librum

284 2212 427 2282 appellare
443 2227 537 2280 ausus,
553 2213 636 2278 multa
652 2212 716 2266 inde
732 2212 840 2283 prolata
857 2209 1068 2272 commendavit.
1104 2209 1199 2267 simi·-

282 2295 391 2350 litaret
407 2295 503 2349 Petrus
519 2290 683 2368 Pithoeus⁸)
702 2300 730 2349 et
748 2290 899 2367 loannes⁹)
922 2293 1105 2364 Obsopceus‚
1129 2309 1198 2350 oum

258 2495 263 2507 ·
350 2471 380 2536 7)
399 2475 530 2525 Lectiones
547 2476 732 2537 consideranti,
750 2490 812 2540 ques
830 2474 973 2541 Stephanus
990 2475 1087 2538 primus
1104 2475 1131 2522 ln
1150 2489 1196 2523 or-

281 2544 367 2594 dinem
380 2543 514 2594 verbcrum
532 2545 641 2610 recepit,
667 2544 798 2611 apparebit
816 2545 848 2594 ad
865 2558 968 2594 manum
986 2544 1011 2592 ei
1022 2542 1091 2592 duos
1110 2542 1197 2593 libros

281 2607 389 2677 scriptos
406 2611 501 2673 luisse,
521 2626 627 2675 quorum
646 2615 752 2662 alterum
770 2611 1043 2662 ecdicem'Parisinum
1060 2609 1131 2660 6116
1150 2612 1198 2660 vel

280 2679 349 2731 5802
368 2680 448 2732 luisse
466 2681 587 2742 arbitror,
610 2682 716 2731 alterurn
736 2680 845 2729 similem
863 2681 971 2744 aliquem
990 2677 1096 2729 Medicei
1114 2679 1199 2743 primi

280 2756 304 2798 et
325 2749 459 2814 Gopesiani
484 2756 508 2798 et
532 2749 660 2809 Hulsiani‚
688 2748 797 2798 fortasse
822 2747 963 2799 Parisinum
987 2747 1088 2813 regium
1109 2746 1196 2799 5801.

279 2818 321 2867 Ad
339 2817 401 2866 illud
417 2831 500 2882 genus
518 2816 581 2866 haec
599 2818 741 2882 pertinent:
759 2831 784 2881 p.
805 2816 847 2874 63,
863 2816 896 2868 26
914 2825 938 2868 et
957 2825 984 2868 ut
1000 2832 1081 2875 unus,-
1099 2830 1126 2880 p.
1148 2815 1195 2876 85,

278 2888 297 2935 4
312 2889 361 2936 ium
380 2894 455 2946 tunc,·
467 2901 492 2951 p.
508 2884 567 2947 213,
585 2885 602 2934 6
619 2895 700 2936 tomen
719 2885 854 2945 omissum
872 2899 899 2950 p.
912 2883 972 2947 218,
985 2885 1017 2936 12
1034 2888 1197 2944 lactassent,-

278 2971 304 3019 p.
324 2954 392 3016 237,
419 2954 432 3003 1
460 2961 486 3006 ct
502 2957 659 3014 statuorum
683 2969 709 3019 p.
729 2953 796 3017 252,
815 2957 833 3004 4
850 2963 964 3006 conmur.
1002 2951 1043 3002 Ad
1061 2953 1197 3016 posterius

278 3021 357 3072 haec:
377 3038 402 3087 p.
421 3021 461 3081 11,
481 3021 515 3072 36
527 3023 733 3087 fluminibusque,·
751 3036 777 3086 p.
791 3022 833 3082 37,
853 3021 909 3074 let
930 3022 1067 3072 omissum:
1087 3035 1113 3084 p.
1132 3021 1197 3080 142,

255 3090 295 3144 ‘ab
321 3097 460 3156 caporum
487 3105 513 3154 p.
533 3091 598 3149 244,
624 3089 656 3140 19
681 3099 704 3140 et
734 3091 887 3144 methodium.
923 3088 1068 3140 Memmiani
1093 3088 1197 3140 codicis

278 3158 347 3224 apud
367 3156 522 3222 Stephanum
541 3172 589 3222 ego
609 3172 640 3206 ue
658 3159 795 3222 vestigium
814 3160 914 3222 quidem
933 3159 1026 3223 reperi.

314 3239 322 3250 ”
347 3223 377 3288 8)
391 3223 510 3276 Pithoeus
526 3225 575 3274 iam
596 3227 622 3275 in
634 3223 777 3277 Subsecivis
797 3229 852 3278 suis
862 3227 963 3279 Octobri
979 3239 1066 3275 mense
1083 3240 1108 3277 e.
1124 3227 1200 3278 1564

280 3294 355 3344 editis
365 3293 487 3342 nonnulla
498 3309 512 3342 e
526 3297 635 3344 ‘vetusto
645 3301 669 3343 et
678 3295 772 3359 optimo
784 3295 859 3346 librc'
870 3295 996 3362 prodidit;
1006 3295 1081 3360 plura
1092 3293 1199 3344 Casuu-

281 3363 371 3421 bouus,
383 3361 426 3424 qui
437 3361 574 3412 Pithoeena
585 3363 704 3428 excerpta
715 3378 739 3413 a.
755 3363 877 3428 tntisper
889 3363 1008 3412 iacobum
1016 3361 1200 3427 Bongarsium

280 3437 508 3562 accepliimliiuthius
521 3500 653 3565 aliquoties
666 3500 825 3550 Vincendum
836 3497 996 3565 Obscpoeum
1011 3497 1138 3564 adiungit,
1150 3515 1200 3550 sa·
