<?xml version="1.0" encoding="UTF-8"?>
<!DOCTYPE html PUBLIC "-//W3C//DTD XHTML 1.0 Transitional//EN"
    "http://www.w3.org/TR/xhtml1/DTD/xhtml1-transitional.dtd">
<html xmlns="http://www.w3.org/1999/xhtml" xml:lang="en" lang="en">
 <head>
  <title>
</title>
<meta http-equiv="Content-Type" content="text/html;charset=utf-8" />
  <meta name='ocr-system' content='tesseract 3.04.00' />
  <meta name='ocr-capabilities' content='ocr_page ocr_carea ocr_par ocr_line ocrx_word'/>
</head>
<body>
  <div class='ocr_page' id='page_1' title='image "./csuetonitranqui00rothgoog_0113.png"; bbox 0 0 2412 3876; ppageno 0'>
   <div class='ocr_carea' id='block_1_1' title="bbox 10 625 1086 924">
    <p class='ocr_par' dir='ltr' id='par_1_1' title="bbox 10 592 1086 924">
     <span class='ocr_line' id='line_1_1' title="bbox 10 625 935 768; baseline 0.011 -57"><span class='ocrx_word' id='word_1_1' title='bbox 10 665 21 768; x_wconf 61' lang='lat' dir='ltr'><strong>q</strong></span> <span class='ocrx_word' id='word_1_2' title='bbox 249 625 295 712; x_wconf 77' lang='lat' dir='ltr'><strong>c.</strong></span> <span class='ocrx_word' id='word_1_3' title='bbox 325 629 565 714; x_wconf 81' lang='lat' dir='ltr'><strong>sunuour</strong></span> <span class='ocrx_word' id='word_1_4' title='bbox 594 631 935 720; x_wconf 74' lang='lat' dir='ltr'><strong>unsuouuur</strong></span> 
     </span>
     <span class='ocr_line' id='line_1_2' title="bbox 10 775 1086 924; baseline 0.006 -8"><span class='ocrx_word' id='word_1_5' title='bbox 10 775 18 875; x_wconf 76' lang='lat' dir='ltr'><strong>l</strong></span> <span class='ocrx_word' id='word_1_6' title='bbox 111 809 232 912; x_wconf 81' lang='lat' dir='ltr'><strong>uu</strong></span> <span class='ocrx_word' id='word_1_7' title='bbox 285 810 517 912; x_wconf 76' lang='lat' dir='ltr'><strong>vrrs</strong></span> <span class='ocrx_word' id='word_1_8' title='bbox 573 812 1086 924; x_wconf 72' lang='lat' dir='ltr'><strong>cassanum</strong></span> 
     </span>
    </p>
   </div>
   <div class='ocr_carea' id='block_1_2' title="bbox 10 937 799 1229">
    <p class='ocr_par' dir='ltr' id='par_1_2' title="bbox 10 937 799 1229">
     <span class='ocr_line' id='line_1_3' title="bbox 10 937 692 1094; baseline 0 -40"><span class='ocrx_word' id='word_1_9' title='bbox 10 937 14 1014; x_wconf 83' lang='lat' dir='ltr'><strong>l</strong></span> <span class='ocrx_word' id='word_1_10' title='bbox 509 986 646 1062; x_wconf 76' lang='lat' dir='ltr'><strong>ursus</strong></span> <span class='ocrx_word' id='word_1_11' title='bbox 660 990 692 1094; x_wconf 83' lang='lat'><strong>¹1.</strong></span> 
     </span>
     <span class='ocr_line' id='line_1_4' title="bbox 402 1147 799 1229; baseline 0.018 -9"><span class='ocrx_word' id='word_1_12' title='bbox 402 1147 569 1220; x_wconf 85' lang='lat' dir='ltr'><strong>mvus</strong></span> <span class='ocrx_word' id='word_1_13' title='bbox 604 1151 799 1229; x_wconf 77' lang='lat' dir='ltr'><strong>munte.</strong></span> 
     </span>
    </p>
   </div>
   <div class='ocr_carea' id='block_1_3' title="bbox 538 1305 671 1340">
    <p class='ocr_par' dir='ltr' id='par_1_3' title="bbox 538 1305 671 1340">
     <span class='ocr_line' id='line_1_5' title="bbox 538 1305 671 1340; baseline 0.008 -1"><span class='ocrx_word' id='word_1_14' title='bbox 538 1305 671 1340; x_wconf 66' lang='lat' dir='ltr'><strong>*ds*</strong></span> 
     </span>
    </p>
   </div>
   <div class='ocr_carea' id='block_1_4' title="bbox 100 1443 1104 1591">
    <p class='ocr_par' dir='ltr' id='par_1_4' title="bbox 100 1443 1104 1591">
     <span class='ocr_line' id='line_1_6' title="bbox 170 1443 1104 1514; baseline 0.003 -19"><span class='ocrx_word' id='word_1_15' title='bbox 170 1443 316 1495; x_wconf 78' lang='lat' dir='ltr'><strong>Suetonius</strong></span> <span class='ocrx_word' id='word_1_16' title='bbox 330 1443 370 1492; x_wconf 88' lang='lat' dir='ltr'><strong>ait</strong></span> <span class='ocrx_word' id='word_1_17' title='bbox 387 1444 414 1493; x_wconf 90' lang='lat' dir='ltr'><strong>in</strong></span> <span class='ocrx_word' id='word_1_18' title='bbox 426 1443 486 1494; x_wconf 83' lang='lat' dir='ltr'><strong>vita</strong></span> <span class='ocrx_word' id='word_1_19' title='bbox 498 1443 641 1507; x_wconf 80' lang='lat' dir='ltr'>Caesaris,</span> <span class='ocrx_word' id='word_1_20' title='bbox 660 1461 792 1511; x_wconf 85' lang='lat' dir='ltr'><strong>responsa</strong></span> <span class='ocrx_word' id='word_1_21' title='bbox 803 1461 862 1497; x_wconf 90' lang='lat' dir='ltr'><strong>esse</strong></span> <span class='ocrx_word' id='word_1_22' title='bbox 878 1447 944 1498; x_wconf 80' lang='lat' dir='ltr'><strong>date</strong></span> <span class='ocrx_word' id='word_1_23' title='bbox 957 1465 1004 1514; x_wconf 88' lang='lat' dir='ltr'><strong>per</strong></span> <span class='ocrx_word' id='word_1_24' title='bbox 1017 1453 1104 1498; x_wconf 86' lang='lat' dir='ltr'><strong>totum</strong></span> 
     </span>
     <span class='ocr_line' id='line_1_7' title="bbox 100 1527 662 1591; baseline -0.004 -11"><span class='ocrx_word' id='word_1_25' title='bbox 100 1529 207 1590; x_wconf 88' lang='lat' dir='ltr'><strong>orbem,</strong></span> <span class='ocrx_word' id='word_1_26' title='bbox 222 1528 301 1576; x_wconf 85' lang='lat' dir='ltr'><strong>nasei</strong></span> <span class='ocrx_word' id='word_1_27' title='bbox 314 1527 447 1578; x_wconf 84' lang='lat' dir='ltr'><strong>invictum</strong></span> <span class='ocrx_word' id='word_1_28' title='bbox 462 1527 662 1591; x_wconf 79' lang='lat' dir='ltr'><strong>imperatorem.</strong></span> 
     </span>
    </p>
   </div>
   <div class='ocr_carea' id='block_1_5' title="bbox 572 1629 1063 1702">
    <p class='ocr_par' dir='ltr' id='par_1_5' title="bbox 572 1629 1063 1702">
     <span class='ocr_line' id='line_1_8' title="bbox 572 1629 1063 1702; baseline -0.002 -17"><span class='ocrx_word' id='word_1_29' title='bbox 572 1629 685 1690; x_wconf 76' lang='lat' dir='ltr'><strong>servius</strong></span> <span class='ocrx_word' id='word_1_30' title='bbox 701 1631 739 1686; x_wconf 86' lang='lat' dir='ltr'><strong>ad</strong></span> <span class='ocrx_word' id='word_1_31' title='bbox 761 1631 841 1702; x_wconf 73' lang='lat' dir='ltr'><strong>Verq.</strong></span> <span class='ocrx_word' id='word_1_32' title='bbox 861 1631 930 1688; x_wconf 82' lang='lat' dir='ltr'><strong>Aen.</strong></span> <span class='ocrx_word' id='word_1_33' title='bbox 947 1634 977 1693; x_wconf 80' lang='lat'><strong>6,</strong></span> <span class='ocrx_word' id='word_1_34' title='bbox 999 1633 1063 1687; x_wconf 82' lang='lat'><strong><em>799.</em></strong></span> 
     </span>
    </p>
   </div>
   <div class='ocr_carea' id='block_1_6' title="bbox 537 1820 672 1856">
    <p class='ocr_par' dir='ltr' id='par_1_6' title="bbox 537 1820 672 1856">
     <span class='ocr_line' id='line_1_9' title="bbox 537 1820 672 1856; baseline 0 0"><span class='ocrx_word' id='word_1_35' title='bbox 537 1820 672 1856; x_wconf 67' lang='lat' dir='ltr'><strong>*ils*</strong></span> 
     </span>
    </p>
   </div>
   <div class='ocr_carea' id='block_1_7' title="bbox 10 2009 1131 3554">
    <p class='ocr_par' dir='ltr' id='par_1_7' title="bbox 10 2009 1131 3554">
     <span class='ocr_line' id='line_1_10' title="bbox 163 2009 1131 2092; baseline -0.001 -19"><span class='ocrx_word' id='word_1_36' title='bbox 163 2013 279 2073; x_wconf 76' lang='lat' dir='ltr'><strong>Annum</strong></span> <span class='ocrx_word' id='word_1_37' title='bbox 302 2029 395 2089; x_wconf 81' lang='lat' dir='ltr'><strong>agens</strong></span> <span class='ocrx_word' id='word_1_38' title='bbox 409 2022 521 2072; x_wconf 83' lang='lat' dir='ltr'><strong>sextum</strong></span> <span class='ocrx_word' id='word_1_39' title='bbox 543 2013 683 2073; x_wconf 88' lang='lat' dir='ltr'><strong>decimum</strong></span> <span class='ocrx_word' id='word_1_40' title='bbox 699 2023 810 2092; x_wconf 86' lang='lat' dir='ltr'><strong>patrem</strong></span> <span class='ocrx_word' id='word_1_41' title='bbox 826 2011 933 2081; x_wconf 90' lang='lat' dir='ltr'><strong>amisit;</strong></span> <span class='ocrx_word' id='word_1_42' title='bbox 960 2009 1131 2090; x_wconf 87' lang='lat' dir='ltr'><strong>sequenti-l</strong></span> 
     </span>
     <span class='ocr_line' id='line_1_11' title="bbox 103 2095 1103 2176; baseline -0.001 -19"><span class='ocrx_word' id='word_1_43' title='bbox 103 2098 216 2176; x_wconf 87' lang='lat' dir='ltr'><strong>busque</strong></span> <span class='ocrx_word' id='word_1_44' title='bbox 233 2096 400 2156; x_wconf 89' lang='lat' dir='ltr'><strong>consulibus</strong></span> <span class='ocrx_word' id='word_1_45' title='bbox 411 2097 515 2157; x_wconf 84' lang='lat' dir='ltr'><strong>llamen</strong></span> <span class='ocrx_word' id='word_1_46' title='bbox 529 2097 619 2159; x_wconf 87' lang='lat' dir='ltr'><strong>Dialis</strong></span> <span class='ocrx_word' id='word_1_47' title='bbox 635 2098 810 2174; x_wconf 90' lang='lat' dir='ltr'><strong>destinatus,</strong></span> <span class='ocrx_word' id='word_1_48' title='bbox 827 2096 942 2156; x_wconf 88' lang='lat' dir='ltr'><strong>dimissa</strong></span> <span class='ocrx_word' id='word_1_49' title='bbox 960 2095 1103 2172; x_wconf 82' lang='lat' dir='ltr'><strong>Cossutia,</strong></span> 
     </span>
     <span class='ocr_line' id='line_1_12' title="bbox 68 2179 1103 2260; baseline -0.005 -16"><span class='ocrx_word' id='word_1_50' title='bbox 68 2199 179 2260; x_wconf 81' lang='lat' dir='ltr'><strong>requae</strong></span> <span class='ocrx_word' id='word_1_51' title='bbox 195 2181 302 2241; x_wconf 85' lang='lat' dir='ltr'><strong>familia</strong></span> <span class='ocrx_word' id='word_1_52' title='bbox 315 2183 441 2258; x_wconf 76' lang='lat' dir='ltr'><strong>equestri</strong></span> <span class='ocrx_word' id='word_1_53' title='bbox 458 2181 510 2240; x_wconf 92' lang='lat' dir='ltr'><strong>sed</strong></span> <span class='ocrx_word' id='word_1_54' title='bbox 525 2180 675 2241; x_wconf 84' lang='lat' dir='ltr'><strong>admodum</strong></span> <span class='ocrx_word' id='word_1_55' title='bbox 687 2182 769 2241; x_wconf 87' lang='lat' dir='ltr'><strong>dives</strong></span> <span class='ocrx_word' id='word_1_56' title='bbox 782 2189 963 2260; x_wconf 82' lang='lat' dir='ltr'><strong>praetextato</strong></span> <span class='ocrx_word' id='word_1_57' title='bbox 979 2179 1103 2258; x_wconf 86' lang='lat' dir='ltr'><strong>despon-</strong></span> 
     </span>
     <span class='ocr_line' id='line_1_13' title="bbox 104 2263 1105 2344; baseline -0.004 -18"><span class='ocrx_word' id='word_1_58' title='bbox 104 2275 166 2326; x_wconf 89' lang='lat' dir='ltr'><strong>sata</strong></span> <span class='ocrx_word' id='word_1_59' title='bbox 187 2265 298 2341; x_wconf 79' lang='lat' dir='ltr'><strong>fuerat,</strong></span> <span class='ocrx_word' id='word_1_60' title='bbox 323 2263 487 2328; x_wconf 77' lang='lat' dir='ltr'><strong>Corneliam</strong></span> <span class='ocrx_word' id='word_1_61' title='bbox 508 2263 618 2325; x_wconf 78' lang='lat' dir='ltr'><strong>Cinnae</strong></span> <span class='ocrx_word' id='word_1_62' title='bbox 641 2275 742 2344; x_wconf 90' lang='lat' dir='ltr'><strong>quater</strong></span> <span class='ocrx_word' id='word_1_63' title='bbox 764 2264 892 2326; x_wconf 89' lang='lat' dir='ltr'><strong>consulis</strong></span> <span class='ocrx_word' id='word_1_64' title='bbox 917 2263 1003 2324; x_wconf 89' lang='lat' dir='ltr'><strong>liliam</strong></span> <span class='ocrx_word' id='word_1_65' title='bbox 1025 2263 1105 2323; x_wconf 82' lang='lat' dir='ltr'><strong>duxit</strong></span> 
     </span>
     <span class='ocr_line' id='line_1_14' title="bbox 103 2347 1105 2428; baseline -0.003 -19"><span class='ocrx_word' id='word_1_66' title='bbox 103 2367 243 2423; x_wconf 86' lang='lat' dir='ltr'><strong>uxorem,</strong></span> <span class='ocrx_word' id='word_1_67' title='bbox 265 2366 303 2406; x_wconf 80' lang='lat' dir='ltr'><strong>ex</strong></span> <span class='ocrx_word' id='word_1_68' title='bbox 318 2366 373 2427; x_wconf 89' lang='lat' dir='ltr'><strong>qua</strong></span> <span class='ocrx_word' id='word_1_69' title='bbox 389 2347 429 2408; x_wconf 93' lang='lat' dir='ltr'><strong>illi</strong></span> <span class='ocrx_word' id='word_1_70' title='bbox 449 2367 517 2409; x_wconf 83' lang='lat' dir='ltr'><strong>mox</strong></span> <span class='ocrx_word' id='word_1_71' title='bbox 532 2349 603 2410; x_wconf 91' lang='lat' dir='ltr'><strong>lulia</strong></span> <span class='ocrx_word' id='word_1_72' title='bbox 619 2359 684 2409; x_wconf 88' lang='lat' dir='ltr'><strong>nata</strong></span> <span class='ocrx_word' id='word_1_73' title='bbox 701 2358 760 2418; x_wconf 88' lang='lat' dir='ltr'><strong>est;</strong></span> <span class='ocrx_word' id='word_1_74' title='bbox 785 2365 880 2428; x_wconf 88' lang='lat' dir='ltr'><strong>neque</strong></span> <span class='ocrx_word' id='word_1_75' title='bbox 895 2356 925 2407; x_wconf 91' lang='lat' dir='ltr'><strong>ut</strong></span> <span class='ocrx_word' id='word_1_76' title='bbox 939 2348 1105 2426; x_wconf 88' lang='lat' dir='ltr'><strong>repudiaret</strong></span> 
     </span>
     <span class='ocr_line' id='line_1_15' title="bbox 104 2431 1103 2516; baseline -0.006 -22"><span class='ocrx_word' id='word_1_77' title='bbox 104 2431 275 2511; x_wconf 80' lang='lat' dir='ltr'><strong>compellis</strong></span> <span class='ocrx_word' id='word_1_78' title='bbox 291 2431 431 2516; x_wconf 74' lang='lat' dir='ltr'><strong>dictatore</strong></span> <span class='ocrx_word' id='word_1_79' title='bbox 448 2433 526 2493; x_wconf 86' lang='lat' dir='ltr'><strong>Sulla</strong></span> <span class='ocrx_word' id='word_1_80' title='bbox 546 2433 706 2493; x_wconf 91' lang='lat' dir='ltr'><strong>ullomodo</strong></span> <span class='ocrx_word' id='word_1_81' title='bbox 721 2433 823 2511; x_wconf 84' lang='lat' dir='ltr'><strong>potuit.</strong></span> <span class='ocrx_word' id='word_1_82' title='bbox 852 2432 948 2506; x_wconf 82' lang='lat' dir='ltr'><strong>Quare</strong></span> <span class='ocrx_word' id='word_1_83' title='bbox 964 2440 993 2489; x_wconf 89' lang='lat' dir='ltr'><strong>et</strong></span> <span class='ocrx_word' id='word_1_84' title='bbox 1008 2449 1103 2491; x_wconf 89' lang='lat' dir='ltr'><strong>sacer·</strong></span> 
     </span>
     <span class='ocr_line' id='line_1_16' title="bbox 10 2513 1104 2596; baseline -0.006 -17"><span class='ocrx_word' id='word_1_85' title='bbox 10 2587 12 2592; x_wconf 49' lang='grc'>,</span> <span class='ocrx_word' id='word_1_86' title='bbox 104 2517 185 2591; x_wconf 89' lang='lat' dir='ltr'><strong>dotio</strong></span> <span class='ocrx_word' id='word_1_87' title='bbox 198 2525 227 2575; x_wconf 92' lang='lat' dir='ltr'><strong>et</strong></span> <span class='ocrx_word' id='word_1_88' title='bbox 239 2517 339 2575; x_wconf 84' lang='lat' dir='ltr'><strong>uxoris</strong></span> <span class='ocrx_word' id='word_1_89' title='bbox 351 2516 418 2596; x_wconf 86' lang='lat' dir='ltr'><strong>dote</strong></span> <span class='ocrx_word' id='word_1_90' title='bbox 431 2525 459 2575; x_wconf 83' lang='lat' dir='ltr'><strong>et</strong></span> <span class='ocrx_word' id='word_1_91' title='bbox 470 2517 615 2594; x_wconf 78' lang='lat' dir='ltr'><strong>gentilicis</strong></span> <span class='ocrx_word' id='word_1_92' title='bbox 629 2516 834 2577; x_wconf 74' lang='lat' dir='ltr'><strong>hereditatibus</strong></span> <span class='ocrx_word' id='word_1_93' title='bbox 847 2514 996 2590; x_wconf 87' lang='lat' dir='ltr'><strong>multatus,</strong></span> <span class='ocrx_word' id='word_1_94' title='bbox 1010 2513 1104 2572; x_wconf 87' lang='lat' dir='ltr'><strong>diver-</strong></span> 
     </span>
     <span class='ocr_line' id='line_1_17' title="bbox 10 2597 1104 2679; baseline -0.006 -16"><span class='ocrx_word' id='word_1_95' title='bbox 10 2609 11 2614; x_wconf 76' lang='grc'>’</span> <span class='ocrx_word' id='word_1_96' title='bbox 70 2624 95 2663; x_wconf 80' lang='lat' dir='ltr'><strong>ru</strong></span> <span class='ocrx_word' id='word_1_97' title='bbox 105 2618 200 2662; x_wconf 90' lang='lat' dir='ltr'><strong>sarum</strong></span> <span class='ocrx_word' id='word_1_98' title='bbox 213 2599 334 2679; x_wconf 85' lang='lat' dir='ltr'><strong>partium</strong></span> <span class='ocrx_word' id='word_1_99' title='bbox 348 2599 517 2676; x_wconf 86' lang='lat' dir='ltr'><strong>habebatur,</strong></span> <span class='ocrx_word' id='word_1_100' title='bbox 530 2609 559 2660; x_wconf 90' lang='lat' dir='ltr'><strong>ut</strong></span> <span class='ocrx_word' id='word_1_101' title='bbox 572 2601 656 2661; x_wconf 87' lang='lat' dir='ltr'><strong>etiam</strong></span> <span class='ocrx_word' id='word_1_102' title='bbox 669 2599 821 2660; x_wconf 83' lang='lat' dir='ltr'><strong>discedere</strong></span> <span class='ocrx_word' id='word_1_103' title='bbox 832 2617 848 2659; x_wconf 91' lang='lat' dir='ltr'><strong>e</strong></span> <span class='ocrx_word' id='word_1_104' title='bbox 860 2597 955 2658; x_wconf 89' lang='lat' dir='ltr'><strong>medio</strong></span> <span class='ocrx_word' id='word_1_105' title='bbox 969 2606 997 2657; x_wconf 89' lang='lat' dir='ltr'><strong>et</strong></span> <span class='ocrx_word' id='word_1_106' title='bbox 1009 2615 1104 2678; x_wconf 88' lang='lat' dir='ltr'><strong>quam-</strong></span> 
     </span>
     <span class='ocr_line' id='line_1_18' title="bbox 10 2671 1105 2770; baseline -0.005 -25"><span class='ocrx_word' id='word_1_107' title='bbox 10 2671 20 2770; x_wconf 63' lang='lat' dir='ltr'><strong>l</strong></span> <span class='ocrx_word' id='word_1_108' title='bbox 106 2703 189 2764; x_wconf 88' lang='lat' dir='ltr'><strong>quam</strong></span> <span class='ocrx_word' id='word_1_109' title='bbox 205 2683 308 2744; x_wconf 90' lang='lat' dir='ltr'><strong>morbo</strong></span> <span class='ocrx_word' id='word_1_110' title='bbox 326 2694 482 2762; x_wconf 72' lang='lat' dir='ltr'><strong>quartanae</strong></span> <span class='ocrx_word' id='word_1_111' title='bbox 497 2683 672 2762; x_wconf 78' lang='lat' dir='ltr'><strong>adgravante</strong></span> <span class='ocrx_word' id='word_1_112' title='bbox 688 2701 782 2763; x_wconf 87' lang='lat' dir='ltr'><strong>prope</strong></span> <span class='ocrx_word' id='word_1_113' title='bbox 796 2701 850 2766; x_wconf 88' lang='lat' dir='ltr'><strong>per</strong></span> <span class='ocrx_word' id='word_1_114' title='bbox 862 2681 991 2761; x_wconf 77' lang='lat' dir='ltr'><strong>singulas</strong></span> <span class='ocrx_word' id='word_1_115' title='bbox 1003 2691 1105 2741; x_wconf 88' lang='lat' dir='ltr'><strong>noctes</strong></span> 
     </span>
     <span class='ocr_line' id='line_1_19' title="bbox 10 2765 1105 2847; baseline -0.005 -19"><span class='ocrx_word' id='word_1_116' title='bbox 10 2779 29 2838; x_wconf 54' lang='grc' dir='ltr'><strong>’,υ</strong></span> <span class='ocrx_word' id='word_1_117' title='bbox 107 2777 282 2830; x_wconf 87' lang='lat' dir='ltr'><strong>commutare</strong></span> <span class='ocrx_word' id='word_1_118' title='bbox 303 2766 430 2828; x_wconf 86' lang='lat' dir='ltr'><strong>latebras</strong></span> <span class='ocrx_word' id='word_1_119' title='bbox 441 2767 620 2847; x_wconf 77' lang='lat' dir='ltr'><strong>cogeretur,</strong></span> <span class='ocrx_word' id='word_1_120' title='bbox 645 2785 735 2847; x_wconf 87' lang='lat' dir='ltr'><strong>seque</strong></span> <span class='ocrx_word' id='word_1_121' title='bbox 756 2767 792 2828; x_wconf 86' lang='lat' dir='ltr'><strong>ab</strong></span> <span class='ocrx_word' id='word_1_122' title='bbox 815 2765 1032 2846; x_wconf 79' lang='lat' dir='ltr'><strong>inquisitoribus</strong></span> <span class='ocrx_word' id='word_1_123' title='bbox 1055 2783 1105 2844; x_wconf 87' lang='lat' dir='ltr'><strong>pe-</strong></span> 
     </span>
     <span class='ocr_line' id='line_1_20' title="bbox 10 2849 1105 2932; baseline -0.004 -20"><span class='ocrx_word' id='word_1_124' title='bbox 10 2851 11 2906; x_wconf 74' lang='lat'><em>}</em></span> <span class='ocrx_word' id='word_1_125' title='bbox 107 2853 190 2912; x_wconf 87' lang='lat' dir='ltr'><strong>cunia</strong></span> <span class='ocrx_word' id='word_1_126' title='bbox 211 2852 380 2922; x_wconf 87' lang='lat' dir='ltr'><strong>redimeret;</strong></span> <span class='ocrx_word' id='word_1_127' title='bbox 399 2853 495 2913; x_wconf 88' lang='lat' dir='ltr'><strong>donee</strong></span> <span class='ocrx_word' id='word_1_128' title='bbox 517 2869 570 2932; x_wconf 86' lang='lat' dir='ltr'><strong>per</strong></span> <span class='ocrx_word' id='word_1_129' title='bbox 589 2853 718 2930; x_wconf 80' lang='lat' dir='ltr'><strong>virgines</strong></span> <span class='ocrx_word' id='word_1_130' title='bbox 741 2851 894 2927; x_wconf 77' lang='lat' dir='ltr'><strong>Vestales,</strong></span> <span class='ocrx_word' id='word_1_131' title='bbox 915 2866 1026 2928; x_wconf 87' lang='lat' dir='ltr'><strong>perque</strong></span> <span class='ocrx_word' id='word_1_132' title='bbox 1047 2849 1105 2908; x_wconf 89' lang='lat' dir='ltr'><strong>lla·</strong></span> 
     </span>
     <span class='ocr_line' id='line_1_21' title="bbox 105 2932 1106 3014; baseline -0.006 -18"><span class='ocrx_word' id='word_1_133' title='bbox 105 2955 234 2996; x_wconf 89' lang='lat' dir='ltr'><strong>mercum</strong></span> <span class='ocrx_word' id='word_1_134' title='bbox 248 2935 400 2997; x_wconf 78' lang='lat' dir='ltr'><strong>Aemilium</strong></span> <span class='ocrx_word' id='word_1_135' title='bbox 417 2945 447 2996; x_wconf 86' lang='lat' dir='ltr'><strong>et</strong></span> <span class='ocrx_word' id='word_1_136' title='bbox 461 2934 608 2997; x_wconf 82' lang='lat' dir='ltr'><strong>Aurelium</strong></span> <span class='ocrx_word' id='word_1_137' title='bbox 625 2935 739 3013; x_wconf 73' lang='lat' dir='ltr'><strong>(lottam</strong></span> <span class='ocrx_word' id='word_1_138' title='bbox 754 2935 938 3014; x_wconf 89' lang='lat' dir='ltr'><strong>propinquos</strong></span> <span class='ocrx_word' id='word_1_139' title='bbox 952 2943 982 2993; x_wconf 82' lang='lat' dir='ltr'><strong>et</strong></span> <span class='ocrx_word' id='word_1_140' title='bbox 997 2932 1106 2993; x_wconf 89' lang='lat' dir='ltr'><strong>adlines</strong></span> 
     </span>
     <span class='ocr_line' id='line_1_22' title="bbox 68 3012 1106 3101; baseline -0.01 -17"><span class='ocrx_word' id='word_1_141' title='bbox 68 3043 96 3084; x_wconf 75' lang='lat' dir='ltr'><strong>ao</strong></span> <span class='ocrx_word' id='word_1_142' title='bbox 106 3039 176 3081; x_wconf 89' lang='lat' dir='ltr'><strong>suos</strong></span> <span class='ocrx_word' id='word_1_143' title='bbox 192 3022 304 3082; x_wconf 85' lang='lat' dir='ltr'><strong>veniam</strong></span> <span class='ocrx_word' id='word_1_144' title='bbox 321 3021 493 3101; x_wconf 83' lang='lat' dir='ltr'><strong>impetravit.</strong></span> <span class='ocrx_word' id='word_1_145' title='bbox 520 3021 596 3080; x_wconf 88' lang='lat' dir='ltr'><strong>Satis</strong></span> <span class='ocrx_word' id='word_1_146' title='bbox 608 3028 720 3099; x_wconf 81' lang='lat' dir='ltr'><strong>constat</strong></span> <span class='ocrx_word' id='word_1_147' title='bbox 736 3019 859 3096; x_wconf 85' lang='lat' dir='ltr'><strong>Sullam,</strong></span> <span class='ocrx_word' id='word_1_148' title='bbox 873 3037 936 3078; x_wconf 88' lang='lat' dir='ltr'><strong>eum</strong></span> <span class='ocrx_word' id='word_1_149' title='bbox 947 3012 1106 3096; x_wconf 84' lang='lat' dir='ltr'><strong>deprecan-</strong></span> 
     </span>
     <span class='ocr_line' id='line_1_23' title="bbox 105 3101 1127 3182; baseline -0.01 -16"><span class='ocrx_word' id='word_1_150' title='bbox 105 3105 182 3166; x_wconf 86' lang='lat' dir='ltr'><strong>tibus</strong></span> <span class='ocrx_word' id='word_1_151' title='bbox 206 3106 385 3166; x_wconf 83' lang='lat' dir='ltr'><strong>amicissimis</strong></span> <span class='ocrx_word' id='word_1_152' title='bbox 412 3113 440 3165; x_wconf 90' lang='lat' dir='ltr'><strong>et</strong></span> <span class='ocrx_word' id='word_1_153' title='bbox 460 3105 647 3164; x_wconf 85' lang='lat' dir='ltr'><strong>ornatissimis</strong></span> <span class='ocrx_word' id='word_1_154' title='bbox 662 3104 732 3163; x_wconf 86' lang='lat' dir='ltr'><strong>viris</strong></span> <span class='ocrx_word' id='word_1_155' title='bbox 752 3102 918 3182; x_wconf 80' lang='lat' dir='ltr'><strong>aliquandiu</strong></span> <span class='ocrx_word' id='word_1_156' title='bbox 932 3101 1127 3178; x_wconf 81' lang='lat' dir='ltr'><strong>denegasset·</strong></span> 
     </span>
     <span class='ocr_line' id='line_1_24' title="bbox 105 3184 1107 3270; baseline -0.009 -20"><span class='ocrx_word' id='word_1_157' title='bbox 105 3199 193 3270; x_wconf 87' lang='lat' dir='ltr'><strong>atque</strong></span> <span class='ocrx_word' id='word_1_158' title='bbox 205 3186 248 3250; x_wconf 78' lang='lat' dir='ltr'><strong>uli</strong></span> <span class='ocrx_word' id='word_1_159' title='bbox 264 3185 449 3268; x_wconf 77' lang='lat' dir='ltr'><strong>pertinaciter</strong></span> <span class='ocrx_word' id='word_1_160' title='bbox 462 3187 689 3263; x_wconf 82' lang='lat' dir='ltr'><strong>contenderent,</strong></span> <span class='ocrx_word' id='word_1_161' title='bbox 705 3195 900 3266; x_wconf 77' lang='lat' dir='ltr'><strong>expugnatum</strong></span> <span class='ocrx_word' id='word_1_162' title='bbox 913 3184 1029 3246; x_wconf 87' lang='lat' dir='ltr'><strong>tandem</strong></span> <span class='ocrx_word' id='word_1_163' title='bbox 1041 3197 1107 3262; x_wconf 89' lang='lat' dir='ltr'><strong>pro-</strong></span> 
     </span>
     <span class='ocr_line' id='line_1_25' title="bbox 106 3269 1108 3350; baseline -0.008 -17"><span class='ocrx_word' id='word_1_164' title='bbox 106 3271 267 3350; x_wconf 78' lang='lat' dir='ltr'><strong>clamasse,</strong></span> <span class='ocrx_word' id='word_1_165' title='bbox 285 3274 355 3334; x_wconf 61' lang='lat' dir='ltr'><strong>&#39;sire</strong></span> <span class='ocrx_word' id='word_1_166' title='bbox 379 3273 513 3334; x_wconf 83' lang='lat' dir='ltr'><strong>divinitus</strong></span> <span class='ocrx_word' id='word_1_167' title='bbox 535 3272 596 3330; x_wconf 90' lang='lat' dir='ltr'><strong>sive</strong></span> <span class='ocrx_word' id='word_1_168' title='bbox 619 3271 714 3349; x_wconf 91' lang='lat' dir='ltr'><strong>aliqua</strong></span> <span class='ocrx_word' id='word_1_169' title='bbox 743 3273 926 3347; x_wconf 86' lang='lat' dir='ltr'><strong>coniectura,</strong></span> <span class='ocrx_word' id='word_1_170' title='bbox 953 3269 1108 3328; x_wconf 78' lang='lat' dir='ltr'><strong>vincerent</strong></span> 
     </span>
     <span class='ocr_line' id='line_1_26' title="bbox 105 3351 1107 3434; baseline -0.009 -16"><span class='ocrx_word' id='word_1_171' title='bbox 105 3373 144 3418; x_wconf 86' lang='lat' dir='ltr'><strong>cc</strong></span> <span class='ocrx_word' id='word_1_172' title='bbox 156 3356 220 3420; x_wconf 76' lang='lat' dir='ltr'><strong>ribi</strong></span> <span class='ocrx_word' id='word_1_173' title='bbox 234 3353 399 3434; x_wconf 61' lang='lat' dir='ltr'><strong>babeant,</strong></span> <span class='ocrx_word' id='word_1_174' title='bbox 415 3355 486 3417; x_wconf 83' lang='lat' dir='ltr'><strong>dam</strong></span> <span class='ocrx_word' id='word_1_175' title='bbox 496 3353 587 3416; x_wconf 87' lang='lat' dir='ltr'><strong>modo</strong></span> <span class='ocrx_word' id='word_1_176' title='bbox 600 3354 715 3416; x_wconf 64' lang='lat' dir='ltr'><strong>serent</strong></span> <span class='ocrx_word' id='word_1_177' title='bbox 728 3371 810 3430; x_wconf 80' lang='lat' dir='ltr'><strong>eum,</strong></span> <span class='ocrx_word' id='word_1_178' title='bbox 828 3371 913 3432; x_wconf 82' lang='lat' dir='ltr'><strong>quem</strong></span> <span class='ocrx_word' id='word_1_179' title='bbox 928 3351 1107 3413; x_wconf 76' lang='lat' dir='ltr'><strong>incolomem</strong></span> 
     </span>
     <span class='ocr_line' id='line_1_27' title="bbox 105 3433 1107 3554; baseline -0.01 -52"><span class='ocrx_word' id='word_1_180' title='bbox 105 3449 190 3503; x_wconf 77' lang='lat' dir='ltr'><strong>lusto</strong></span> <span class='ocrx_word' id='word_1_181' title='bbox 219 3457 314 3520; x_wconf 82' lang='lat' dir='ltr'><strong>opere</strong></span> <span class='ocrx_word' id='word_1_182' title='bbox 341 3446 502 3520; x_wconf 76' lang='lat' dir='ltr'><strong>caperent,</strong></span> <span class='ocrx_word' id='word_1_183' title='bbox 532 3437 715 3520; x_wconf 75' lang='lat' dir='ltr'><strong>quandoque</strong></span> <span class='ocrx_word' id='word_1_184' title='bbox 736 3437 945 3554; x_wconf 47' lang='lat' dir='ltr'><strong>optimatium*</strong></span> <span class='ocrx_word' id='word_1_185' title='bbox 951 3433 1107 3527; x_wconf 79' lang='lat' dir='ltr'><strong>parribus,</strong></span> 
     </span>
    </p>
   </div>
   <div class='ocr_carea' id='block_1_8' title="bbox 0 0 1215 3876">
    <p class='ocr_par' dir='ltr' id='par_1_8' title="bbox 0 0 1215 3876">
     <span class='ocr_line' id='line_1_28' title="bbox 0 0 1215 3876; baseline 0 0"><span class='ocrx_word' id='word_1_186' title='bbox 0 0 1215 3876; x_wconf 95' lang='lat' dir='ltr'><strong> </strong></span> 
     </span>
    </p>
   </div>
  </div>
 </body>
</html>
