2412 3876
93 229 136 291 32
181 241 211 290 c.
227 239 376 289 suurour
394 228 521 300 annuo.
537 240 585 287 nu
600 240 683 287 vrrn
706 239 890 288 enusnauu
904 240 975 288 ure.
990 241 1014 288 1.

35 422 59 432 ·’
93 406 181 474 geret
205 397 297 456 minus
317 395 448 455 familiari
472 395 551 454 vultu
572 395 752 473 respexisse.
792 395 884 475 ldque
907 396 1015 456 lactum
1038 398 1102 456 eius

94 490 175 541 tanto
190 478 400 540 intolerabilius
420 487 464 538 est
476 481 584 557 visum,
607 477 685 557 quod
706 481 771 557 ipse
787 479 971 558 triumphanti
988 489 1018 540 et
1033 480 1100 542 sub-

93 565 179 626 sellia
197 564 348 624 tribunicia
365 563 599 642 praetervehenti
619 562 673 622 sibi
689 581 774 623 unum
789 581 806 622 e
822 563 952 641 collegio
968 565 1100 626 Pontium

94 648 229 728 Aquilam
248 665 306 708 nou
325 649 522 728 assurfflxjsse
545 646 620 708 adeo
638 647 801 724 indignatus
818 651 870 725 sit,
889 657 920 707 ut
935 649 1099 727 proclama·
1145 693 1154 710 .

94 735 183 793 verit:
210 733 326 811 Repete
348 749 421 812 erqo
441 749 461 792 c
480 749 527 792 mc
540 729 657 813 Aquita
678 749 743 792 rem
761 731 921 810 publicum
939 732 1101 794 aidanus!
1111 759 1124 798 ι

95 826 124 877 et
145 836 201 878 nec
217 817 357 878 destiterit
383 833 437 895 per
456 817 609 877 continuos
633 814 695 878 dies
714 817 868 895 quicquam
890 818 1022 898 cuiquam
1043 819 1102 878 nisi

95 901 148 962 sub
170 903 346 980 exceptione
370 899 522 979 polliceri,
545 901 575 960 ei
595 905 696 960 tamen
713 917 773 980 per
792 899 933 962 Pontium
953 898 1101 981 Aquilam

49 1004 86 1062 79
96 985 226 1046 licuerit.
260 985 375 1046 Adiecit
389 984 426 1044 ad
439 994 496 1044 tam
513 986 655 1062 insignem
669 984 801 1063 despecti
817 992 936 1045 senatus
952 994 1100 1049 coutume-

95 1070 162 1131 liam
183 1071 273 1130 multo
294 1070 476 1145 arrogantius
495 1068 612 1130 iactum.
650 1069 722 1129 Nam
744 1087 808 1128 cum
821 1071 850 1128 in
865 1071 1010 1130 sacrilicio
1024 1070 1098 1131 Lati-

93 1173 192 1216 narum
210 1162 376 1214 revertente
396 1169 432 1212 eo
447 1154 522 1212 inter
539 1151 709 1213 immodicas
724 1170 760 1212 ac
777 1171 870 1214 novas
885 1154 987 1233 populi
1003 1152 1136 1219 acela-1⁰

93 1241 235 1298 mationes
254 1236 368 1317 quidam
390 1254 407 1295 e
426 1236 508 1296 turba
524 1245 635 1298 statuae
655 1240 717 1297 eius
734 1253 873 1298 coronam
888 1238 1016 1300 lauream
1032 1255 1099 1298 can-

95 1321 160 1381 dida
179 1323 269 1382 fascia
290 1319 450 1400 praeligata
471 1322 664 1398 inposuisset,
687 1330 717 1381 et
736 1322 840 1382 tribuni
864 1321 959 1401 plebis
975 1321 1099 1402 Epidius

93 1405 232 1466 Marullus
254 1403 461 1483 Caesetiusque
485 1404 591 1466 Flavus
614 1423 743 1466 coronae
769 1405 889 1467 fasciam
910 1406 1021 1467 detrahi
1045 1405 1099 1466 bo·

93 1492 255 1570 minemque
269 1489 335 1548 duci
353 1489 382 1547 iu
404 1489 518 1549 vincula
534 1491 701 1560 iussissent;
725 1489 830 1551 dolens
846 1509 898 1552 seu
913 1509 1013 1572 parum
1029 1507 1098 1570 pro·

93 1591 181 1654 spere
197 1582 302 1634 motam
316 1575 399 1650 regni
415 1575 604 1654 mentionem,
627 1574 690 1634 sive
703 1583 733 1634 ut
747 1574 875 1654 ferebat,
897 1585 1027 1654 ereptam
1043 1573 1100 1634 sibi
1109 1599 1134 1640 ιι

79 1659 219 1737 ‚gloriam
231 1657 397 1732 recusandi,
413 1657 544 1718 tribunos
559 1661 688 1735 graviter
702 1659 863 1738 increpitos
877 1669 1023 1740 potestate
1038 1660 1096 1737 pri·

92 1745 180 1802 ravit.
223 1741 325 1822 Neque
346 1759 384 1801 ex
407 1760 443 1801 eo
464 1742 607 1802 infamiam
627 1742 754 1803 affectati
770 1745 856 1804 etiam
876 1746 951 1821 regii
972 1744 1098 1804 nominis

93 1827 239 1887 discutere
265 1825 367 1903 valuit,
395 1844 564 1907 quamquam
591 1837 619 1886 et
643 1826 741 1905 plebei
768 1845 870 1905 regem
893 1847 926 1888 se
951 1827 1096 1904 salutanti,

94 1908 265 1975 Gaesarem
278 1928 328 1987 ec,
345 1929 407 1971 mort
421 1929 522 1990 repent
538 1927 606 1971 esse
625 1909 824 1990 responderit,
845 1921 874 1971 et
886 1911 1097 1992 Lupercalibus
1204 1947 1205 1954 .

93 1996 273 2077 prorostris
294 2011 310 2056 a
333 1995 452 2055 consule
473 1994 601 2054 Antonio
623 1994 767 2055 admotum
789 1996 907 2075 saepius
933 1997 1021 2074 capiti
1041 2011 1131 2058 suono
1204 2003 1205 2058 ἶ

93 2080 223 2141 diadema
242 2078 403 2158 reppulerit
421 2088 506 2158 atque
526 2080 554 2138 in
570 2076 744 2157 Capitolium
758 2079 822 2141 lovi
839 2078 954 2160 Optimo
968 2079 1095 2141 liaximo

92 2166 212 2225 miserit.
258 2163 331 2237 Quin
360 2165 445 2222 etiam
473 2163 655 2224 variaiama
684 2163 880 2242 percrebruit,
910 2166 1097 2242 migraturum

94 2246 308 2310 Alexandream
329 2246 376 2305 vel
393 2245 488 2324 llium,
510 2247 655 2306 translatis
677 2247 760 2308 simul
780 2245 886 2327 opibus
909 2249 1021 2328 imperii
1044 2265 1095 2306 ex-

93 2333 253 2411 haustaque
266 2328 346 2390 ltalia
363 2329 514 2389 dilectibus
535 2339 564 2390 et
583 2334 788 2409 procuratione
809 2332 888 2393 urbis
910 2334 1008 2394 amicis
1026 2348 1094 2411 per-

93 2418 196 2494 missa,
212 2415 345 2494 proximo
360 2422 453 2474 autem
470 2423 570 2476 senatu
583 2415 700 2475 Lucium
714 2414 828 2478 Cottam
841 2417 1129 2496 quindecimvirumus
1202 2463 1203 2466 ι

94 2501 264 2564 sententiam
279 2497 436 2576 dicturum,
458 2509 501 2576 ut,
523 2502 657 2578 quoniam
676 2499 758 2560 libris
779 2501 914 2562 fatalibus
931 2501 1094 2562 continere

93 2597 153 2664 tur,
174 2583 296 2645 Parthos
317 2583 372 2642 nisi
387 2601 403 2642 a
417 2601 490 2660 rege
506 2600 563 2642 uon
578 2601 669 2662 posse
683 2586 772 2662 vinci,
794 2582 905 2646 Caesar
918 2603 973 2646 rex
992 2582 1094 2664 appel·
1200 2583 1202 2626 l

50 2671 210 2732 dolaretur.
242 2667 323 2741 Quae
339 2684 426 2726 cause
440 2669 596 2728 coniuratis
610 2668 767 2730 maturandi
782 2669 836 2729 fuit
847 2670 987 2730 destinata
1000 2685 1093 2746 nego·

92 2757 145 2833 tia,
162 2768 199 2810 ne
216 2751 349 2812 assentiri
363 2768 486 2812 necesse
502 2762 590 2813 esset.
864 2784 867 2788 ·

158 2833 287 2896 Consilia
310 2834 414 2911 igitur,
441 2835 594 2915 dispersim
621 2845 705 2898 antea
728 2837 824 2899 habita
852 2849 881 2899 et
905 2857 981 2918 quae
1002 2857 1129 2920 saepem

79 2920 152 2980 ¹bini
166 2919 279 2979 terniue
295 2927 447 2998 ceperant,
460 2922 488 2979 in
500 2939 585 2981 unum
598 2939 699 2981 omnes
715 2923 915 2998 contuleruut,
930 2941 967 2983 ue
981 2923 1094 3003 populo

93 3002 207 3083 quidem
231 3003 286 3060 iam
310 3004 456 3081 praesenti
482 3012 557 3065 statu
580 3005 674 3082 laeto,
700 3007 753 3066 sed
775 3007 848 3068 clam
871 3007 1023 3086 palamque
1045 3007 1094 3068 de-

92 3095 232 3149 trectante
248 3085 471 3146 dominationem
484 3096 570 3166 atque
587 3097 751 3150 assertores
767 3091 924 3169 flagitante.
959 3091 1094 3168 Peregri-

92 3173 137 3231 nis
158 3171 186 3231 iu
203 3180 332 3231 senatum
352 3169 481 3249 allectis,
503 3171 619 3232 libellus
639 3177 809 3253 propositus
825 3185 885 3235 est:
905 3171 1026 3236 Bonum
1040 3175 1093 3254 fc-

92 3263 188 3316 ctum.-
211 3271 251 3314 ae
269 3254 338 3335 quis
358 3255 498 3316 senatori
518 3271 598 3318 noco
614 3257 734 3318 curiam
752 3265 929 3320 monstrare
951 3259 1043 3322 cedit!
1066 3267 1128 3324 etas

90 3338 140 3399 illa
154 3337 243 3416 vulgo
260 3336 451 3402 canebantur:

176 3427 267 3483 Gallos
287 3427 391 3484 Caesar
408 3429 437 3483 in
457 3429 623 3500 tristropham
643 3431 730 3500 ducit,
750 3432 820 3488 ιιιειι
840 3434 870 3488 ιιι
888 3433 1007 3488 cumam

175 3509 248 3566 Galli
262 3511 364 3569 bracas
383 3512 581 3586 deposuerunt,
601 3516 685 3571 lotum
698 3517 803 3572 ciccum
822 3523 1008 3589 campserunt.
