2412 3876
441 223 648 274 PRAEFATIO.
872 222 992 276 LXXXV

83 400 112 458 p·
132 387 192 451 104,
212 388 245 442 ts
263 376 268 459 Ι
288 389 322 442 23
339 389 386 437 aut
402 381 545 438 Tarentini
556 383 701 439 Lambinus
720 373 726 459 Ι
745 387 779 442 99
792 380 901 438 Marcio
914 383 988 440 Bou·

84 465 196 536 garsius
222 467 256 520 ad
275 467 408 522 lustinum
427 472 476 534 12,
503 473 536 524 15
559 471 587 521 st
602 465 780 522 Gasaubonus
799 480 851 537 pro
866 463 959 521 Morio
980 456 988 544 Ι

7 573 8 576 ’
84 555 119 608 30
127 555 193 620 post
208 551 351 620 septimum
368 549 502 619 Vinetus‚
525 549 576 604 eir.
594 565 678 620 supra
691 548 784 622 adnot.
801 553 836 608 73
854 543 859 625 Ι
878 554 914 608 33
926 546 987 606 Hu-

65 639 175 696 ,matus
190 631 292 687 omittit
306 632 381 688 llenr
389 632 556 704 Stephanus.

146 714 263 770 Persii
284 715 391 772 sitam
410 731 470 770 eam
487 731 558 786 qnae
582 715 616 770 ad
640 731 691 770 nos
713 714 843 786 pervenit
868 713 988 772 alienata
1007 725 1078 770 rann
1093 730 1147 774 ms.

84 814 149 853 asse
174 813 190 852 a
216 795 350 854 Suetonio
375 805 403 853 et
419 804 531 853 veteres
553 798 619 853 libri
637 798 755 865 docent,
773 796 826 852 ‘de
848 813 984 854 somman-

83 881 157 936 tarin
183 879 265 936 Probi
280 881 388 936 Valerii
416 879 568 936 sublatam’
589 886 723 944 testantes
732 874 788 954 74),
818 886 847 936 st
868 879 985 952 seriptis

83 963 146 1035 ipsa
161 962 263 1018 misera
283 965 445 1035 perturbata
461 963 591 1034 nullaque
612 964 640 1022 in
664 979 695 1017 re
714 963 880 1018 lneulentam
898 961 985 1019 Tran-

85 1046 164 1117 quilli
180 1046 334 1102 orationem
350 1047 485 1102 rslsrsns.
519 1045 766 1102 Commentatorem
782 1045 901 1118 aliquem
917 1063 984 1118 pro-

84 1129 152 1184 dunt
185 1135 325 1185 auctorem
354 1131 441 1185 verba
468 1145 540 1200 qnae
564 1129 592 1183 in
622 1129 670 1185 illa
697 1129 754 1185 vita
780 1135 891 1184 exstant
914 1130 984 1186 haee

83 1207 175 1266 ‘hune
200 1211 290 1283 ipsum
313 1213 413 1269 librum
441 1211 631 1283 imperfectum
659 1210 803 1284 reliquit’,
829 1211 986 1284 imperitum

7 1303 8 1362 s
83 1294 221 1350 bominem
238 1296 308 1350 haee
325 1295 479 1351 ‘Neronem
494 1295 569 1349 illius
587 1295 722 1366 temporis
735 1294 919 1367 prinoipem'.
941 1295 983 1352 Aa

7 1423 8 1440 Ι
83 1394 119 1432 ne
134 1377 196 1449 quis
212 1377 373 1448 Hieronymi
384 1379 449 1434 looo
466 1395 491 1449 p.
506 1383 571 1443 299,
595 1385 611 1436 5
627 1377 721 1450 posito
738 1377 867 1433 abutatur
883 1378 918 1434 ad
932 1396 981 1450 pa·

82 1460 275 1516 trooinandnm
292 1460 442 1532 Suetonio,
459 1461 521 1516 sive
538 1459 703 1517 casaubono
716 1461 809 1532 potins
826 1467 854 1515 et
869 1461 983 1518 Bartbio

7 1535 9 1618 Ι
84 1543 131 1614 qui
148 1543 229 1615 primi
245 1543 404 1601 Porsinnam
418 1543 502 1599 vitam
517 1543 641 1599 Suetonii
665 1560 728 1600 esse
744 1543 909 1613 voluerunt,
931 1543 981 1601 illo

7 1623 9 1714 Ι
82 1627 148 1682 loeo
165 1625 232 1682 nibil
250 1627 386 1697 aifloitnr,
402 1626 457 1682 nisi
474 1627 547 1699 quod
561 1625 748 1697 unusquisqne
762 1642 814 1698 per
829 1642 860 1681 ss
876 1626 981 1682 intolli-

7 1717 9 1728 ²
84 1709 145 1779 git,
167 1711 202 1764 de
223 1708 319 1766 Persio
337 1725 446 1781 qnoque
463 1710 491 1764 in
509 1709 666 1766 illustribus
682 1708 751 1764 viris
773 1715 862 1767 aotnm
877 1709 981 1774 inisss;

84 1808 145 1848 nam
170 1808 225 1863 quo
252 1809 323 1849 anno
346 1792 445 1863 aliquis
466 1798 494 1848 st
515 1791 562 1847 ubi
585 1798 663 1847 nutus
684 1792 722 1846 sit
738 1795 934 1863 mortuusque,
954 1790 985 1849 id

84 1881 162 1930 uerte
190 1892 225 1930 ne
255 1882 411 1947 postremus
436 1875 546 1946 quidem
572 1875 646 1929 vitae
679 1874 800 1946 scriptor
821 1873 984 1946 praetermi-

84 1958 162 2016 serit.

147 2041 251 2096 Verum
266 2041 320 2098 alia
337 2059 384 2098 res
401 2048 444 2097 est
462 2043 496 2096 de
517 2040 647 2103 Lucani
668 2041 741 2097 vita
761 2058 788 2112 p.
804 2047 866 2112 299,
888 2047 922 2102 13
937 2045 1073 2098 ra-tusms
1089 2048 1143 2104 sun,

7 2185 9 2198 ί
82 2125 156 2194 lata,
177 2125 250 2180 unde
272 2140 303 2179 rs
319 2119 429 2198 seran)
451 2124 635 2194 Hieronymus
657 2140 690 2179 ea
704 2125 790 2180 rerba
808 2141 879 2196 qnae
899 2142 982 2197 prae-

7 2201 9 2206 ’
82 2207 228 2278 posuimus
245 2208 403 2279 exscripsit.
448 2207 591 2263 Aoosdnnt
607 2207 769 2263 Suetoniani
785 2203 934 2283 ingenii'⁸)
949 2224 982 2265 ae

80 2290 139 2345 stili
161 2295 217 2346 tam
238 2297 332 2362 aperta
348 2291 485 2361 vestigia,
509 2297 540 2346 nt
560 2289 635 2346 dooti
656 2290 783 2346 hominos
802 2299 867 2362 post
890 2287 981 2348 Seili-

80 2367 224 2446 perumff)
240 2372 431 2429 Cusanbonnm
447 2373 609 2429 salmasium
632 2375 667 2428 ad
686 2389 767 2427 unum
783 2389 877 2429 omnes
893 2375 928 2430 de
944 2375 981 2430 ll·

80 2456 218 2512 lustribns
233 2455 301 2512 viris
324 2463 482 2528 excerptam
498 2473 563 2512 esse
581 2457 782 2511 eonsenserint.
825 2453 919 2526 Neque
941 2462 982 2512 ta·

80 2554 142 2594 maa
157 2555 211 2612 pro
226 2539 334 2609 integra
352 2538 449 2595 baberi
464 2539 555 2595 debet.
598 2533 799 2594 Desiderantnr
815 2538 886 2593 onim
902 2538 983 2596 initio

81 2651 285 2665 --—-—-.....

150 2715 199 2780 74)
221 2719 381 2768 Recentlores
407 2718 464 2766 libri
487 2725 511 2766 et
533 2717 650 2782 impressi
673 2715 776 2766 cornuti
798 2730 889 2766 nomen
907 2733 981 2782 prae·

80 2788 207 2852 seriptum
222 2784 321 2834 habent.

151 2852 198 2916 75)
212 2855 276 2902 Nam
286 2853 385 2903 diversa
403 2855 466 2903 satis
484 2869 514 2902 ea
527 2857 586 2903 sunt
603 2866 667 2916 quae
684 2852 711 2901 in
727 2852 807 2902 altera
817 2852 913 2902 Lucani
929 2853 981 2902 vita

7 2959 9 2968 Ι
78 2926 216 2990 leguntur:
234 2937 311 2971 oenus
325 2921 375 2971 nti
389 2924 524 2984 praecidit.
973 2981 976 2988 .

148 2989 196 3053 76)
220 2990 331 3054 iniquior
348 2989 487 3054 ibnnqnilli
510 2991 536 3039 in
555 2989 683 3038 Lnoannm
699 2987 798 3039 animus
817 2989 980 3054 eiusdemque

7 3073 9 3104 ῑ
78 3061 111 3110 de
135 3058 232 3108 Seneca
253 3059 372 3107 indicium
394 3058 476 3106 aerius
498 3057 588 3122 (supra
610 3073 636 3121 p.
656 3055 722 3118 196,
751 3055 799 3120 35)
819 3071 835 3105 a
859 3059 981 3122 scriptore

7 3115 9 3162 ἕ
79 3142 131 3178 non
148 3125 285 3176 abhorrent
301 3127 460 3190 antiquorum
478 3125 662 3176 studiosissimo
680 3131 705 3173 et
723 3123 869 3184 Quintiliani
884 3127 906 3174 si
930 3139 980 3176 non

78 3194 216 3260 disciplina
232 3200 258 3242 at
273 3202 339 3244 uerte
353 3195 444 3242 iudicio
463 3193 620 3243 admiratore.

7 3283 9 3308 2
148 3261 195 3324 77)
220 3263 249 3311 In
277 3262 423 3327 Appendioe
454 3261 596 3326 virgiliana
622 3261 676 3311 sive
705 3260 836 3312 catalensis
860 3259 980 3326 Lugduni

78 3347 102 3380 a.
120 3329 189 3382 1573
209 3330 302 3389 editis,
321 3331 354 3378 od
370 3329 463 3380 Culicis
483 3329 590 3378 initium.
625 3329 730 3380 Iacobus
746 3344 847 3394 qnoque
864 3329 980 3394 Bongsr·

78 3401 133 3450 sins
151 3401 178 3448 in
194 3397 281 3448 codiee
295 3397 416 3447 Beruensi
433 3397 467 3447 45
488 3396 630 3447 adnotavit:
649 3404 711 3460 puto
728 3413 745 3448 a
760 3395 878 3448 Suetonio
897 3394 981 3446 Trea·

78 3470 155 3532 pusillo
169 3465 236 3518 tans
244 3467 318 3516 uitam
329 3481 385 3518 esee
397 3463 553 3528 descriptum.
