2444 3872
78 153 120 218 88
164 166 194 216 c.
208 166 358 216 souronr
370 167 497 228 ranno.
511 167 558 214 nu
569 166 654 214 vrrs
666 165 850 216 osnssnuu
861 166 932 214 crs.
945 165 997 214 111.

78 316 229 383 consulem
248 323 350 383 iterum
379 338 588 400 censoremque
613 321 766 382 iecissent.
808 319 935 399 Drusus,
959 319 1086 382 bostium

77 405 152 466 duce
161 405 276 467 Drauso
293 407 450 466 comminus
465 406 617 483 trucidato,
634 403 688 464 sibi
702 406 889 484 posterisque
900 405 959 464 suis
973 422 1084 483 cogno·
1181 457 1187 463 .

75 506 143 550 meu
158 491 277 550 invenit.
322 489 456 550 Traditur
469 490 554 550 etiam
570 497 776 570 propraetore
792 506 831 548 ex
846 490 997 567 provincia
1016 487 1070 551 Gal

75 574 115 634 lia
130 570 266 634 retulisse
281 593 390 650 aurum,
408 572 572 634 Senonibus
586 572 653 634 olim
669 575 698 632 in
714 571 866 632 obsidione
882 569 1018 652 Capitolii
1034 573 1084 634 da·

75 666 152 734 tum,
172 676 243 735 nec,
264 668 294 718 ut
307 659 381 718 fama
397 666 458 730 est,
481 666 625 719 extortum
640 676 656 717 a
674 654 807 717 Camillo.
851 653 922 716 Eius
938 655 1110 737 abnepos,e
1213 665 1214 696 ³

76 741 114 802 ob
132 743 264 801 eximiam
280 742 421 802 adversus
436 740 586 802 Gracchos
608 759 728 820 operam
746 749 884 820 patronus
908 749 1026 801 senatus
1043 740 1084 800 di·
1212 737 1214 748 ’

76 834 156 902 ctus,
176 827 266 886 *filium
287 825 421 904 reliquit,
443 843 527 904 quem
548 827 577 885 in
598 825 682 886 simili
699 824 880 884 dissensione
897 824 985 885 mults
1001 827 1084 885 varie

75 909 243 969 molientem
259 911 373 970 diversa
388 909 477 970 factio
493 927 547 988 per
561 909 692 970 fraudem
708 910 862 968 interemit.

43 1005 63 1058 4
138 993 225 1054 Pater
253 994 367 1070 Tiberi,
400 1002 536 1073 quaestor
560 991 592 1054 C.
616 992 750 1054 (lassaris
777 990 975 1053 Alexandrino
1003 992 1083 1054 bello

77 1077 165 1138 classi
181 1080 380 1156 praepositus,
399 1078 548 1155 plurimum
565 1078 600 1138 ad
614 1080 764 1138 victoriam
780 1076 907 1136 contulit.
939 1077 1037 1152 Quam
1052 1085 1120 1141 etro

76 1161 211 1240 pontifex
230 1165 259 1221 in
280 1162 376 1220 locum
396 1161 427 1220 P.
444 1162 589 1240 Scipionis
609 1161 778 1222 substitutus
799 1170 828 1220 et
846 1160 881 1221 ad
896 1160 1083 1222 deducendas
1213 1157 1214 1194 l

76 1247 105 1304 in
122 1243 242 1304 Galliam
258 1245 402 1322 colonias,
424 1247 452 1304 in
475 1247 537 1325 quis
551 1245 650 1306 Narbo
670 1255 699 1306 et
714 1245 835 1305 Arelate
856 1254 955 1324 erant,
977 1245 1083 1306 missus

76 1337 131 1388 est.
160 1325 268 1389 Tamen
282 1327 408 1389 Caesare
426 1332 544 1406 occiso,
563 1331 674 1390 cunctis
692 1329 837 1390 turbarum
852 1337 930 1389 metu
949 1329 1082 1390 abolitio·

75 1430 141 1472 nem
163 1413 232 1474 iacti
253 1411 493 1491 decernentibus,
521 1416 605 1474 etiam
625 1413 661 1474 de
684 1415 818 1493 praemiis
841 1413 1083 1489 tyrannicidarum

73 1496 260 1556 referendum
276 1499 397 1557 censuit.
428 1495 567 1559 Praetura
582 1497 685 1558 deinde
700 1499 825 1575 iunctus,
841 1515 905 1558 cum
922 1498 1001 1558 exitu
1016 1500 1083 1559 anni
1092 1518 1119 1560 15

75 1580 220 1642 discordia
242 1584 317 1643 inter
339 1583 502 1642 triumviros
523 1592 586 1644 orta
612 1591 705 1652 essete
735 1583 856 1642 retentis
882 1582 958 1644 ultra
977 1585 1083 1643 iustum

74 1675 188 1745 tempus
206 1665 366 1744 insignibus
388 1665 419 1726 b.
437 1662 591 1726 Antonium
607 1666 770 1741 consulem,
790 1668 929 1727 triumuiri
950 1666 1082 1745 fratrem,

74 1748 111 1810 ad
126 1749 274 1810 Perusiam
288 1759 416 1827 secutus,
434 1749 580 1810 deditione
595 1753 732 1810 aectoris
747 1751 835 1827 iacta,
853 1749 933 1811 solus
949 1768 1081 1831 perman·

74 1835 112 1895 sit
124 1835 299 1914 inpartibus
316 1853 350 1896 ao
362 1837 454 1915 primo
469 1832 636 1912 Praeneste,
650 1833 716 1894 inde
730 1833 884 1912 Neapolim
900 1836 1002 1914 erasit,
1019 1845 1081 1895 ser·

73 1920 176 1998 visque
195 1918 230 1978 ad
245 1919 364 1999 pilleum
380 1919 488 1980 irustra
504 1921 616 1980 vocatis
637 1921 665 1978 in
687 1918 814 1978 Siciliam
837 1919 976 1997 profugit.
1022 1917 1082 1978 Sed
1090 1935 1120 1977 ao

73 2001 191 2079 indigne
212 2003 329 2079 terens,
353 2021 409 2062 nec
424 2003 520 2063 statim
540 2023 572 2063 se
597 2006 625 2063 in
648 2012 837 2080 conspectum
860 2003 941 2064 Sexti
961 2003 1082 2083 Pompei

74 2084 227 2146 admissum
242 2097 271 2146 et
285 2087 406 2147 fascium
420 2106 472 2146 usu
487 2085 676 2166 prohibitum,
692 2086 728 2146 ad
741 2086 780 2147 bl.
795 2086 951 2147 Antoniur‘n
966 2086 1083 2148 traiecit

73 2172 102 2228 in
116 2167 265 2230 Achaiam.
311 2169 382 2230 Cum
397 2188 469 2249 quo,
487 2170 570 2230 brevi
587 2171 778 2231 reconciliata
797 2173 873 2232 inter
887 2173 979 2231 omnis
994 2188 1081 2250 pace,

71 2252 289 2332 Romamsredit,
304 2272 481 2333 uxoremque
497 2255 605 2316 Liuiam
617 2255 783 2332 Drusillam,
799 2263 829 2314 et
845 2263 911 2316 tunc
930 2255 1079 2333 gravidam

74 2347 104 2397 et
118 2345 184 2397 ante
200 2339 256 2399 iam
271 2338 346 2418 apud
362 2355 394 2398 se
406 2338 494 2398 lilium
509 2341 632 2416 enixam,
647 2341 757 2418 petenti
770 2337 904 2416 Augusto
921 2341 1078 2401 concessit.
1088 2358 1118 2400 ae

71 2419 136 2482 Nec
153 2423 241 2484 multo
257 2432 325 2504 post
338 2422 414 2482 diem
432 2421 518 2501 obiit,
535 2432 657 2502 utroque
672 2417 829 2483 liberorum
846 2425 1014 2504 superstite,
1032 2423 1079 2483 Pi-

73 2506 156 2567 berio
171 2506 325 2588 Drusoque
340 2506 515 2568 Neronibus.

38 2597 58 2652 b
136 2590 281 2653 'liberium
296 2591 409 2671 quidam
424 2591 531 2652 Fundis
547 2599 642 2651 natum
658 2591 908 2667 existimaverunt,
929 2590 1021 2650 secuti
1036 2589 1078 2652 le·

72 2693 138 2734 vem
153 2677 364 2752 coniecturam,
384 2676 460 2754 quod
475 2685 603 2736 materna
619 2677 680 2735 eius
697 2677 760 2734 avia
779 2673 915 2734 Fundana
930 2674 1033 2752 luerit,
1049 2681 1080 2734 et

72 2756 149 2838 quod
163 2775 231 2818 mox
252 2759 433 2819 simulacrum
446 2759 607 2821 Felicitatis
626 2777 664 2818 ex
679 2760 709 2820 S.
727 2756 759 2818 G.
779 2756 954 2837 publicatum
974 2757 1014 2818 ibi
1029 2759 1117 2818 sitae

71 2840 131 2902 Sed
144 2851 174 2902 ut
188 2842 288 2921 plures
305 2845 503 2923 certioresque
520 2843 647 2920 tradunt,
663 2851 745 2904 natus
766 2851 811 2902 est
823 2841 933 2903 Romae
950 2844 978 2902 in
994 2841 1076 2922 Pala·

8 2927 111 2999 ,otio
136 2925 215 2986 XVI.
239 2925 304 2986 Kal.
322 2926 394 2986 Dec.
416 2927 455 2988 bl.
477 2927 602 2988 Aemilio
620 2926 871 3006 Lepido'iterum,
896 2925 927 2986 b.
947 2926 1076 2987 Munatio

8 3007 10 3018 ’
71 3009 179 3072 Planco
198 3027 294 3070 conss.
316 3028 371 3089 per
391 3010 498 3072 bellum
518 3010 716 3092 Philippense.
765 3010 813 3070 Sic
836 3011 910 3071 euim
932 3011 961 3070 in
982 3011 1077 3071 fastos

71 3101 193 3173 actaque
209 3096 237 3154 in
252 3093 503 3174 publica'relatum
518 3105 571 3156 est.
589 3094 654 3156 Nec
670 3104 764 3156 tarnem
777 3093 892 3174 desunt,
905 3095 954 3175 qui
970 3095 1077 3173 partim

71 3178 262 3238 antecedente
284 3196 375 3258 anno,
389 3179 464 3251 Hirti
491 3198 526 3240 ac
540 3179 667 3258 Pansae,
689 3181 793 3259 partim
814 3179 987 3259 insequenti,
1008 3179 1075 3240 Ser·
1086 3193 1117 3237 as
1212 3195 1214 3202 ⁴

71 3262 121 3323 rili
132 3261 252 3324 Isaurici
269 3263 300 3325 L.
317 3283 372 3344 que
388 3264 507 3325 Antonii
525 3265 690 3341 consulatu,
712 3267 840 3342 genitum
858 3279 922 3324 eum
936 3261 1075 3323 scribant.

40 3357 59 3414 t
131 3345 281 3409 lniantiam
302 3351 510 3429 pueritiamque
535 3347 633 3409 habuit
657 3346 832 3408 laboriosam
854 3355 884 3407 et
907 3349 1076 3424 exercitam,
1125 3412 1128 3418 ,

33 3480 38 3494 .-
72 3447 170 3492 comes
184 3450 399 3513 usquequaque
414 3441 565 3514 pareutum
578 3432 681 3511 iugae3
698 3449 770 3512 quos
782 3431 896 3512 quidem
910 3430 987 3513 apud
997 3430 1075 3492 Nea·
