2438 3872
133 237 194 298 230
214 248 245 296 o.
258 247 408 296 sunnone
419 248 547 308 renuo.
563 249 610 296 on
624 249 707 295 vrrs
720 247 905 296 cassanum
927 249 995 296 nun.
1010 248 1083 295 vru.

133 405 244 465 tuosius
262 405 338 463 inter
360 421 392 462 se
413 402 549 480 agebant.
588 403 685 478 Quare
707 401 928 468 VitelHanorum
955 402 1070 481 quidem
1099 411 1132 463 et

134 489 334 549 exauctoravit
347 487 485 566 plurimos
500 495 530 546 et
548 487 694 562 coercuit,
711 485 902 566 participibus
920 494 1013 547 autem
1034 489 1129 546 victo·

133 575 194 634 riae
210 571 284 633 adeo
298 571 368 632 nihil
383 580 467 630 extra
478 568 608 630 ordinem
622 568 748 647 indulsit,
765 580 794 629 ut
804 572 889 631 etiam
901 571 1028 648 legitima
1042 587 1129 648 prae-

133 658 187 716 mia
203 673 271 716 sero
297 654 481 734 persolverit.
522 653 568 714 Ae
588 671 625 714 ne
646 670 730 732 quam
752 656 937 714 occasionem
960 654 1129 730 corrigendi

134 740 314 818 disciplinam
330 739 591 818 praetermitteret,
617 736 862 798 adulescentulum
876 738 1053 814 fragrantem
1075 757 1152 799 une

133 833 259 903 guento,
277 842 339 883 curn
355 823 410 883 sibi
424 841 479 902 pro
502 825 653 902 impetrata
676 823 861 900 praefectura
882 824 991 901 gratias
1012 831 1127 899 ageret,

132 916 201 968 nutu
216 899 403 986 aspernatus,
424 924 500 967 voce
516 909 600 966 etiam
622 907 792 982 gravissima
814 908 971 986 increpuit:
994 904 1127 967 Maluis-

132 1010 196 1052 sem
218 991 318 1052 ulium
342 989 534 1053 obclusisses!
569 991 738 1069 litterasque
763 993 927 1060 revocarit;
959 988 1129 1050 classiarios

133 1093 216 1152 vero,
234 1077 282 1158 qui
298 1076 334 1135 ab
346 1075 427 1135 Ostia
443 1084 472 1135 et
483 1074 611 1135 Puteolis
625 1075 745 1135 Romam
755 1074 878 1154 pedibus
889 1074 1035 1153 pervices
1047 1091 1126 1134 com·

133 1168 242 1236 meant,
263 1167 397 1244 petentes
414 1160 549 1218 constitui
565 1157 672 1236 aliquid
688 1158 743 1218 sibi
759 1159 886 1220 calciarii
902 1159 1024 1236 nomine,
1041 1160 1126 1238 quasi
1137 1173 1166 1214 re

133 1260 232 1321 parum
247 1251 325 1302 esset
341 1243 403 1302 sine
420 1259 565 1322 responso
582 1241 736 1320 abegisse,
752 1243 834 1303 iussit
850 1242 1006 1322 posthaec
1024 1242 1126 1304 ercal-

134 1329 226 1386 ciatos
242 1327 398 1395 cursitare;
417 1335 446 1386 et
462 1344 499 1385 ex
515 1345 552 1386 eo
569 1327 607 1386 ita
623 1327 771 1386 cursitant.

191 1408 346 1486 Achaiam,
367 1409 498 1485 Lyciam,
516 1409 664 1488 Rhodum,
684 1410 865 1488 byzantium,
892 1405 1007 1470 Samum
1035 1411 1125 1472 liber-

133 1502 191 1554 tate
222 1492 370 1572 adempta,
393 1495 461 1553 item
488 1493 655 1570 Thraciam,
685 1492 815 1554 Ciliciam
844 1503 874 1554 et
907 1492 1125 1572 Commagenen

132 1576 247 1637 ditionis
271 1577 372 1655 regiae
399 1593 490 1657 usque
515 1577 550 1637 ad
575 1577 604 1636 id
630 1587 759 1658 tempus,
781 1581 809 1638 in
832 1579 1042 1657 provinciarum
1059 1579 1167 1640 for-rs
1216 1599 1217 1608 ¹

132 1678 205 1721 mam
229 1660 352 1739 redegit.
398 1659 603 1740 Cappadociae
628 1671 751 1741 propter
770 1661 906 1724 adsiduos
932 1660 1124 1724 barbarorum

131 1747 261 1804 incursus
273 1743 408 1822 legiones
423 1745 545 1824 addidit,
572 1745 811 1825 consularemque
826 1755 972 1806 rectorem
986 1747 1125 1826 imposuit

131 1845 184 1907 pro
201 1846 247 1907 eq.
262 1829 299 1889 R.
1216 1835 1217 1844 ’

191 1911 338 1972 Deformis
355 1913 423 1972 urbs
437 1914 586 1974 veteribus
600 1913 739 1974 incendiis
754 1931 789 1974 ac
803 1913 892 1974 ruinis
913 1923 989 1984 erat;
1012 1932 1123 1977 vacuas

130 2010 214 2055 areas
231 2012 377 2075 occupare
391 2006 420 2058 et
435 1997 604 2073 aedificare,
620 2001 644 2058 si
660 2014 851 2076 possessores
875 2008 1039 2075 cessarent,
1062 2003 1123 2060 cui·
1133 2004 1163 2058 ro

116 2095 251 2164 ,cumque
263 2080 400 2158 permisit.
428 2079 496 2158 lpse
512 2084 719 2142 restitutionem
735 2078 871 2158 Capitolii
887 2081 1059 2162 adgressus,
1075 2103 1122 2145 ru-

8 2181 45 2240 ff,
63 2173 97 2246 pq
116 2160 245 2221 ‚deribus
260 2162 417 2240 purgandis
432 2181 532 2224 manus
550 2168 657 2243 primus
676 2165 802 2225 admovit
816 2182 852 2224 ac
869 2183 921 2227 sno
935 2167 1014 2228 collo
1032 2186 1122 2248 quae·

2 2302 3 2306 ,
113 2245 193 2308 idam
209 2243 323 2314 eatulit;
343 2263 550 2328 aerearumque
570 2248 736 2316 tabularum
751 2250 804 2310 tria
825 2249 917 2327 milia,
942 2268 1017 2329 quae
1036 2253 1122 2312 simul

129 2327 392 2408 conflagraverunt,
420 2331 595 2392 restituenda
620 2333 765 2411 suscepit,
785 2333 910 2412 undique
936 2335 1122 2414 investigatis

127 2411 358 2490 exemplaribus:
381 2416 597 2475 instrumentum
612 2417 724 2494 imperii
739 2416 962 2495 pulcherrimum
983 2437 1019 2479 ac
1038 2431 1159 2480 retu-as

126 2496 289 2573 stissimum,
306 2515 363 2576 quo
380 2499 598 2559 continebantur
610 2517 706 2578 paene
722 2501 758 2560 ab
776 2501 898 2561 exordio
912 2501 990 2563 urbis
1003 2515 1123 2566 senatus

127 2579 277 2657 consulta,
300 2580 381 2660 plebi
401 2584 474 2642 scita
489 2582 525 2642 de
544 2585 684 2644 societate
706 2593 735 2643 et
755 2583 877 2645 foedere
902 2603 937 2646 ac
963 2587 1121 2666 priuilegio
1215 2649 1217 2654 .

99 2665 297 2743 ilcuicumque
321 2668 480 2726 concessis.
514 2665 596 2727 Fecit
618 2675 647 2727 et
670 2685 745 2728 nova
767 2685 860 2746 opera
883 2670 1019 2749 templum
1033 2671 1122 2732 Pacis
1215 2665 1217 2688 ⁴

125 2746 190 2805 foro
217 2749 392 2826 proximum,
409 2748 534 2830 Diuique
556 2749 657 2811 claudi
677 2752 705 2809 in
733 2749 956 2826 caeliomonte
983 2765 1121 2834 coeptum

125 2829 238 2908 quidem
255 2831 290 2892 ab
306 2832 482 2912 Agrippina,
506 2834 558 2894 sed
573 2852 590 2894 a
604 2833 723 2894 Nerone
746 2851 841 2914 prope
863 2836 989 2898 funditus
1006 2837 1154 2900 destruat

83 2931 85 2935 ·
126 2923 216 2983 ctum;
236 2915 303 2976 ite'm
318 2916 556 2995 amphitheatrum
569 2917 640 2978 urbe
652 2918 755 2996 media,
776 2927 806 2978 ut
822 2919 985 2982 destinasse
1000 2931 1120 3004 compe·

123 2997 387 3076 reratAugustum.
450 3073 453 3079 .
987 3009 989 3015 ’
1215 3059 1217 3080 ,

183 3080 388 3161 Amplissimos
404 3084 534 3162 ordines,
552 3095 582 3146 et
596 3084 755 3147 exhaustos
770 3086 862 3147 caede
877 3091 957 3148 varia
974 3099 1004 3150 et
1019 3099 1120 3153 cunte-
1215 3111 1217 3142 ι

41 3207 43 3210 -
123 3165 245 3226 miratos
267 3168 360 3227 veteri
385 3167 589 3245 neglegentia,
616 3170 751 3248 purgavit
768 3171 975 3252 suppleuitque
990 3191 1119 3254 recenso
1216 3179 1217 3182 ’

122 3257 223 3308 senatu
246 3258 275 3308 et
298 3251 409 3328 equite,
440 3253 587 3312 summotis
616 3252 824 3330 indignissimis
859 3261 889 3316 ct
910 3255 1156 3323 honestissimos

123 3347 240 3409 aquaque
255 3330 421 3394 Italicorum
436 3351 472 3394 ec
491 3337 709 3413 provincialium
726 3337 845 3398 allecto.
881 3337 980 3418 Atque
1002 3343 1042 3402 uti
1066 3361 1118 3404 no-

123 3421 180 3472 tum
194 3423 282 3491 esset,
298 3423 449 3495 utrumque
467 3416 597 3477 ordinem
610 3436 668 3478 non
682 3430 738 3480 tam
754 3419 888 3482 libertate
901 3423 1018 3486 inter'se
1030 3443 1119 3506 quam

120 3489 260 3569 dignitate
278 3494 412 3574 differre,
429 3497 464 3558 de
482 3501 577 3576 iurgio
593 3501 718 3579 quodam
735 3505 1066 3590 senatoriseqnitisque
1080 3512 1117 3572 ll.
1187 3537 1190 3542 ·
1215 3563 1217 3574 ,
