2412 3876
447 174 552 226 ornus
572 175 761 226 sucusrus.
1078 169 1118 232 53

2 331 3 410 l
104 331 309 411 superposuit,
338 329 504 391 translatam
530 350 547 390 e
573 333 668 408 curia,
696 334 725 392 iu
754 351 808 412 qua
834 330 867 394 C.
894 331 1003 394 Caesar
1023 334 1118 396 iuerat

106 433 236 475 occisus.
316 446 323 455 ·

167 497 311 579 Rlaraque
339 499 458 577 pessimi
485 499 612 578 exempli
649 503 677 558 in
704 502 862 581 perniciem
896 500 1040 580 publicam
1071 511 1159 568 auton

104 602 144 643 ex
177 582 385 644 consuetudine
414 583 590 663 licentiaque
622 584 766 644 bellorum
794 585 918 646 civilium
943 585 1117 648 duraverant

74 676 156 728 taut
171 685 226 746 per
245 685 348 746 pacem
373 668 459 727 etiam
478 669 648 738 extiterant;
681 686 746 730 narn
768 679 797 729 et
816 678 1033 748 grassa-torum
1054 671 1115 749 plu-

2 815 4 826 ,
101 752 169 812 rimi
197 750 291 830 palem
319 770 351 811 se
376 751 511 812 ferebant
539 753 680 812 succincti
706 753 805 830 ferro,
839 754 921 832 quasi
949 755 1046 815 tuendi
1073 755 1116 814 sui

2 845 3 864 ¹
104 853 210 911 eausa,
241 845 271 896 et
300 837 376 915 rapti
398 854 451 914 per
474 852 563 912 agros
585 839 714 898 viatores
740 839 805 898 sine
837 838 1001 898 discrimine
1030 837 1115 898 liberi

104 921 244 999 servique
257 919 413 998 ergastulis
431 937 635 999 possessorum
652 921 918 1002 supprimebantur,
933 931 963 982 et
976 923 1116 1002 plurimae

103 1006 251 1066 factiones
266 1004 348 1064 titulo
365 1003 475 1082 collegi
495 1005 564 1064 nori
587 1005 623 1065 ad
638 1004 743 1066 nullius
758 1024 816 1066 non
832 1007 971 1067 iacinoris
990 1009 1114 1068 societa-

6 1140 11 1151 .
64 1105 93 1148 so
104 1098 167 1149 tem
182 1087 309 1148 coibant.
331 1087 423 1166 Igitur
439 1083 623 1173 grassmur'ai
637 1089 787 1169 dispositis
800 1100 1030 1171 peropportuna
1047 1091 1115 1151 loca
1133 1107 1180 1175 pn

104 1171 276 1234 stationibus
297 1172 431 1250 inhibuit,
460 1174 608 1250 ergastula
627 1176 818 1252 recognovit,
840 1175 968 1252 collegia
997 1183 1115 1254 praeter

103 1258 221 1337 antiqua
237 1266 266 1316 et
280 1257 410 1335 legitima
427 1257 570 1318 dissolvit.
604 1257 729 1319 Tabulas
745 1268 875 1320 veterum
892 1259 986 1320 aerari
1002 1257 1112 1318 debito·

101 1360 182 1420 rum,
198 1341 245 1402 rel
261 1345 446 1422 praecipuam
462 1341 651 1403 calumniandi
665 1344 830 1421 materiam,
851 1345 976 1414 exussit;
1000 1343 1068 1403 loca
1085 1345 1114 1401 in

100 1425 177 1488 urbe
199 1424 317 1505 publica
339 1427 408 1486 iuris
429 1425 571 1504 ambigui,
597 1426 820 1506 possessoribus
841 1427 1027 1495 adiudicavit;
1054 1426 1113 1486 diu·

62 1528 90 1570 1⁵
101 1520 254 1573 tumorum
267 1528 383 1572 reorum
398 1520 428 1572 et
441 1528 480 1572 ex
494 1528 614 1590 quorum
628 1510 762 1572 sordibus
779 1511 849 1571 nibil
871 1511 947 1571 aliud
963 1528 1047 1590 quam
1063 1528 1113 1570 ro·

2 1619 3 1622 ¹
101 1597 200 1676 luptas
216 1596 338 1656 inimicis
352 1604 544 1675 quaereretur
560 1597 674 1656 nomina
692 1595 835 1672 abolevit,
853 1595 1027 1656 condicione
1044 1611 1113 1673 pro-

101 1681 211 1762 posita,
230 1689 261 1740 ut
276 1681 300 1739 si
315 1698 400 1758 quem
414 1681 477 1759 quis
495 1689 631 1758 repetere
644 1679 743 1758 vellet,
760 1699 813 1760 par
826 1679 986 1759 periculum
998 1695 1114 1759 poenae

103 1765 225 1826 subiret.
262 1763 309 1824 Ne
329 1764 407 1843 qnod
427 1773 522 1824 autem
544 1765 717 1825 malelicium
741 1767 928 1842 negotiumve
954 1761 1114 1842 inpunitate

101 1849 153 1911 vel
167 1865 248 1910 mora
264 1847 444 1925 elaberetur,
470 1849 587 1925 triginta
603 1848 723 1929 amplius
739 1847 816 1923 dies,
839 1849 887 1927 qui
901 1846 1055 1908 honoraris
1070 1846 1112 1907 lu·

62 1934 150 1995 sodis
170 1931 404 2012 occupabantur,
421 1934 495 1992 actui
511 1951 607 2013 repum
625 1932 863 1994 accommodavit.
896 1931 942 1992 Ad
968 1932 1020 1990 tris
1042 1929 1112 1990 indi·
1139 1937 1144 1950 ‘

102 2035 168 2080 oum
189 2017 322 2078 decurias
344 2006 601 2096 quartafffaddidit
621 2035 658 2077 err
678 2017 816 2077 inferiore
839 2035 945 2094 censu,
967 2033 1041 2094 quae
1064 2012 1112 2074 du·
1175 2049 1183 2056 -

103 2103 287 2164 cerariorum
317 2109 472 2161 vocaretur
499 2101 697 2181 iudicaretque
725 2101 761 2162 de
793 2101 954 2162 levioribus
985 2099 1111 2160 summis.

100 2187 219 2249 ludices
235 2187 424 2246 ericensimo
439 2186 542 2249 aetatis
565 2203 639 2246 anno
654 2185 787 2264 adlegit,
805 2185 833 2246 id
857 2193 902 2244 est
918 2182 1113 2264 quinquennio
1159 2193 1162 2196 ·

101 2272 241 2332 maturius
262 2254 510 2350 qiua-m‘Tsoebant.
546 2269 592 2329 Ac
614 2268 764 2348 plerisque
785 2269 927 2330 iudicandi
948 2287 1047 2328 munus
1063 2266 1112 2327 de-

64 2351 381 2438 mtmctantibnsssqrix
396 2353 545 2414 concessit
563 2362 594 2413 ut
609 2353 732 2432 singulis
748 2353 873 2414 decuriis
894 2354 1045 2433 pervices
1062 2369 1109 2412 an-
1136 2365 1144 2378 ’·
1181 2387 1184 2394 ·

101 2458 161 2501 nna
179 2440 409 2516 vacatio-“essen
432 2447 461 2498 et
481 2447 511 2498 ut
533 2437 637 2498 solitae
658 2439 706 2516 agi
722 2437 881 2499 Novembri
906 2456 940 2498 ac
955 2433 1112 2496 Decembri

101 2541 204 2584 mense
219 2541 269 2583 res
284 2523 492 2583 omitterentur.
529 2521 597 2602 lpse
619 2523 662 2582 ius
683 2521 755 2582 dixit
769 2521 882 2582 assidue
907 2529 937 2581 et
951 2523 978 2580 iu
995 2525 1155 2580 noctemae

101 2625 329 2687 nonnumquam,
345 2609 484 2687 siparum
501 2624 628 2686 corpore
644 2607 772 2682 valeret,
788 2606 893 2668 lectica
907 2623 961 2684 pro
978 2601 1113 2664 tribunali

103 2691 250 2753 collocata
275 2693 323 2752 vel
346 2692 432 2753 etiam
454 2691 529 2751 domi
551 2690 681 2752 cubans..
706 2689 786 2750 Dixit
807 2699 901 2750 autem
919 2691 962 2750 ius
977 2707 1034 2749 nou
1049 2686 1111 2746 dili·

65 2790 94 2832 ao
105 2777 207 2854 gentis
222 2775 308 2837 modo
323 2795 431 2837 smuma
452 2767 504 2836 sed
526 2784 555 2835 et
569 2776 707 2851 lenitate,
730 2774 870 2855 siquidem
885 2774 1029 2834 manifesti
1046 2789 1111 2850 par·

101 2858 197 2920 ricidii
210 2879 308 2937 remu,
329 2879 366 2920 ne
382 2859 477 2920 culleo
495 2859 774 2939 insueretur,*quod
788 2859 904 2919 nonnisi
919 2853 1111 2918 confessiad·

102 2943 315 3005 senatoriae
341 2961 451 3023 poena,
473 2945 512 3006 ita
531 2944 624 3005 fertur
642 2946 860 3022 interrogasse:
888 2949 970 3004 certe
989 2947 1112 3020 petrem

2 3029 6 3100 l
102 3031 270 3102 brummont
291 3027 455 3089 occidisti?
486 3029 524 3088 Et
551 3046 614 3089 cum
635 3027 672 3088 de
686 3027 763 3089 ialso
784 3036 957 3089 testamento
975 3034 1112 3104 ageretur

2 3116 3 3150 ³
103 3109 264 3193 omnesque
284 3114 450 3190 signatores
472 3113 542 3190 lege
565 3110 701 3173 Cornelia
722 3121 906 3189 tenerentur,
930 3129 989 3172 non
1005 3119 1112 3170 tantum

2 3178 5 3230 ¹*
64 3195 341 3272 semus-omres,
368 3197 574 3258 damnatoriam
594 3205 624 3257 et
647 3196 868 3274 absolutorium,
894 3196 977 3256 simul
1000 3207 1111 3270 eogno-

102 3281 252 3348 sccntibus
274 3280 371 3358 dedit,
392 3280 445 3341 sed
467 3282 580 3342 tertiam
601 3298 734 3361 quoque,
760 3300 816 3361 qua
839 3283 1044 3358 ignosceretur
1063 3277 1110 3351 iis,

102 3365 298 3446 quosiraude
317 3364 354 3427 sd
374 3365 543 3444 signandum
564 3365 612 3425 vel
640 3382 741 3426 errore
767 3365 900 3426 inductos
924 3361 1110 3424 constitisset.

99 3449 329 3532 Appellationes
342 3459 412 3530 quot
427 3452 508 3511 annis
522 3448 694 3512 urbanorum
707 3450 821 3529 quidem
835 3449 1012 3526 litigatorum
1026 3461 1110 3525 prae·

170 3651 491 3756 discindamus·
