2444 3872
50 218 53 225 ·
143 197 184 259 80
228 207 258 256 c.
272 206 422 256 ιιιιιιοιιι
439 207 567 268 nmmo.
586 207 634 255 ιιι
646 205 927 256 vrrs-cassanum
939 209 1008 311 pra.
1021 212 1059 260 11.

142 364 237 424 infuso
256 361 461 441 superaltaria
480 379 561 422 mero
578 371 685 422 tantumn
702 361 832 428 dammae
848 364 1029 444 emicuisset,
1051 375 1081 427 ut
1098 385 1143 427 su·

143 465 303 528 perpressa
317 446 462 525 fastigium
476 446 576 526 templi
591 446 626 506 ad
643 445 755 506 caelum
771 464 863 524 usque
878 447 1021 526 ferretur,
1038 451 1144 529 unique

143 533 258 594 omnino
273 530 381 608 blagno
399 531 568 594 Alexandro
591 529 668 610 apud
690 529 808 591 easdem
828 547 894 590 aras
916 533 1092 594 sacrificanti
1107 537 1142 594 si·

141 615 209 676 mile
236 616 422 694 provenisset
449 623 600 689 ostentum.
649 614 747 692 Atque
776 615 862 674 etiam
889 617 1023 694 sequenti
1050 620 1144 678 statim

141 709 229 760 nocte
251 698 350 760 videre
367 701 447 759 visus
463 707 508 758 est
521 699 608 759 lilium
623 698 737 758 mortali
754 699 856 776 speeie
871 701 1056 777 ampliorem,
1081 721 1166 771 cumn

90 803 94 810 ·
141 783 259 843 fulmine
282 791 311 842 et
330 792 449 863 sceptro
465 781 722 860 exuviisquelovis
735 780 841 861 Optimi
853 783 969 844 Maximi
984 803 1020 845 ac
1035 785 1143 846 radiata
1205 791 1206 852 ἶ

142 884 267 944 corona,
293 885 382 946 super
404 867 562 928 laureatum
585 884 724 943 currum,
741 865 886 927 bissenis
909 869 993 946 equis
1018 870 1143 930 candore
1205 891 1207 948 ι

142 952 247 1012 eximio
265 950 455 1011 trahentibus.
485 950 582 1010 Infans
599 950 707 1049 adbuc,
726 959 756 1010 ut
771 952 910 1030 scriptum
928 952 1005 1030 apud
1024 951 1056 1012 G.
1070 953 1143 1014 Dru·

142 1055 204 1096 sum
220 1037 309 1110 extat,
326 1038 471 1113 repositus
486 1053 612 1113 vespere
624 1035 652 1093 in
670 1051 757 1094 cunas
772 1053 791 1094 a
805 1035 947 1096 nutricula
963 1035 1031 1096 loco
1048 1037 1144 1116 plano,

141 1128 262 1199 postera
277 1118 343 1178 fuce
359 1137 416 1178 non
433 1115 600 1197 comparuit,
617 1118 721 1196 diuque
741 1120 888 1196 quaesitus
899 1120 1033 1180 tandem
1025 1139 1052 1180 m
1065 1121 1142 1182 altis·
1154 1135 1179 1178 ιι

142 1205 211 1263 sima
227 1205 297 1262 turri
313 1211 448 1300 repertus
467 1211 527 1278 est,
544 1204 644 1262 iacens
661 1210 762 1264 contra
778 1201 850 1263 solis
865 1195 1006 1265 exortum.

204 1285 274 1345 Cum
300 1287 420 1366 primum
441 1287 495 1346 fari
518 1287 681 1364 coepisset,
705 1287 733 1344 in
755 1286 832 1347 avito
849 1285 1014 1363 suburbano
1031 1288 1143 1348 obstre-

142 1372 237 1449 pentis
251 1369 328 1430 forte
339 1387 424 1430 ranas
440 1370 527 1430 silere
543 1371 634 1447 iussit,
652 1379 746 1448 atque
751 1387 837 1430 exeo
851 1380 993 1448 negantur
1005 1372 1043 1434 ibi
1055 1391 1144 1436 ranae

142 1471 279 1516 coaxare.
312 1453 360 1514 Ad
375 1463 508 1553 quartum
536 1453 661 1532 lapidem
685 1452 850 1553 Campanae
876 1457 942 1514 riae
971 1456 1000 1514 in
1024 1473 1144 1516 nemore

141 1537 292 1619 prandenti
316 1539 523 1616 exinproviso
546 1537 642 1616 aquila
662 1555 766 1616 panem
786 1540 814 1597 ei
835 1557 851 1598 e
873 1557 955 1599 manu
979 1540 1091 1619 rapuit,
1115 1548 1144 1600 et
1154 1562 1180 1603 ιι

142 1641 206 1684 eum
224 1622 362 1682 altissime
380 1621 543 1698 evolasset,
566 1640 665 1681 rursus
682 1623 884 1700 exinproviso
901 1622 1006 1684 leniter
1022 1622 1144 1703 delapsa

140 1706 271 1768 reddidit.

203 1792 238 1866 Q.
256 1788 374 1850 Catulus
397 1798 463 1870 post
488 1789 650 1850 dedicatum
671 1785 845 1867 Oapitolium
868 1789 979 1850 duabus
1001 1793 1145 1852 continuis

116 1874 273 1944 fnoetibus
288 1875 455 1934 somniavit:
470 1875 571 1954 prima,
586 1872 685 1933 lovem
701 1871 844 1951 Optimum
857 1873 1011 1936 fdaximum
1026 1893 1042 1934 e
1058 1894 1143 1955 prae·

119 1981 121 2036 j
141 1959 258 2018 tentatis
271 1957 466 2037 compluribus
482 1960 590 2016 circum
602 1975 678 2017 aram
690 1955 854 2017 ludentibus
866 1976 951 2018 unum
965 1961 1142 2037 secrevisse,
1154 1984 1181 2024 no

119 2042 121 2048 ’
141 2052 227 2121 atque
249 2043 278 2100 in
299 2043 360 2100 aius
382 2042 472 2101 sinum
488 2059 549 2101 rem
567 2060 597 2120 p.
614 2058 696 2121 quam
711 2059 794 2102 manu
810 2049 941 2119 gestaret
957 2045 1144 2123 reposuisse;
1204 2007 1207 2128 ι

141 2135 170 2186 at
190 2127 368 2204 insequenti,
392 2123 629 2186 animadvertisse
655 2143 686 2186 se
707 2126 736 2184 ιιι
757 2127 869 2203 gremio
892 2124 1048 2205 Capitolini
1065 2126 1145 2188 lovis
1206 2169 1207 2172 ,

141 2207 262 2268 eundem
287 2226 424 2286 puerum,
453 2227 537 2288 quem
563 2227 627 2270 oum
656 2209 767 2270 detrahi
793 2211 941 2286 iussisset,
970 2209 1146 2289 prohibitum

140 2293 248 2353 monitu
268 2291 328 2369 dei,
348 2301 489 2371 tamquam
510 2295 534 2352 is
550 2293 585 2354 ad
600 2293 716 2354 tutelam
731 2295 774 2353 rei
790 2312 820 2372 p.
837 2292 1022 2363 educaretur;
1046 2313 1080 2354 ac
1097 2293 1145 2353 die

141 2379 273 2456 proximo
290 2376 406 2452 obuium
423 2377 477 2436 sibi
493 2376 668 2456 Augustum,
692 2395 755 2438 cum
774 2378 951 2454 incognitum
968 2376 1039 2438 alias
1054 2377 1180 2444 baba-25

140 2471 200 2539 ret,
222 2479 279 2522 nou
303 2462 365 2521 sine
387 2461 573 2522 admiratione
588 2463 744 2540 contuitus,
767 2461 938 2522 simillimum
954 2460 1025 2521 dixit
1040 2477 1145 2540 puero,

140 2545 177 2605 de
201 2564 257 2624 quo
274 2547 463 2606 somniasset.
492 2544 613 2620 Quidam
627 2547 707 2624 prius
723 2546 861 2606 somnium
879 2542 973 2606 Catuli
990 2545 1075 2604 aliter
1094 2563 1145 2604 ex·

140 2638 265 2706 ponunt,
282 2648 362 2713 quasi
356 2628 510 2709 luppiter
525 2629 720 2728 compluribus
735 2630 925 2709 praetextatis
941 2636 1063 2688 tutorem
1079 2647 1095 2688 a
1111 2645 1146 2688 se

141 2710 346 2791 poscentibus,
366 2730 451 2772 unum
472 2731 510 2773 ex
531 2715 574 2774 eis
591 2713 817 2773 demonstrasset
832 2713 868 2773 ad
884 2729 969 2790 quem
984 2712 1078 2773 omnia
1094 2711 1146 2772 de·
1206 2721 1207 2738 .

141 2793 248 2855 sideria
268 2814 319 2856 sua
339 2796 501 2881 referrent,
526 2799 644 2875 eiusque
663 2796 792 2858 osculum
814 2795 970 2856 delibatum
992 2796 1091 2873 digitis
1108 2794 1182 2856 adso

141 2897 174 2938 os
191 2897 271 2938 suum
286 2867 441 2941 retulisset.

202 2961 240 3024 Μ.
264 2961 419 3026 CiceroG
437 2962 624 3026 Gaesarem
616 2983 644 3025 ιιι
660 2962 832 3044 Capitolium
855 2972 1044 3043 prosecutus,
1068 2981 1147 3024 som·

140 3047 216 3105 nium
231 3048 371 3126 pristinae
389 3051 482 3110 noctis
497 3048 686 3109 familiaribus
701 3050 777 3110 forte
793 3048 943 3110 narrabat:
964 3065 1086 3129 puerum
1101 3047 1146 3108 fa·

141 3131 187 3190 cie
209 3130 339 3208 liberali,
362 3130 514 3193 demissum
530 3153 547 3194 e
562 3131 647 3194 eaelo
663 3140 765 3194 catena
782 3150 884 3210 aurea,
898 3131 943 3192 ad
958 3133 1037 3193 fores
1057 3129 1147 3212 (lapi-

140 3213 192 3274 loli
213 3218 379 3277 constitisse
399 3219 489 3297 eique
506 3216 605 3277 lovem
621 3217 768 3294 flagellum
784 3177 950 3286 ιιιιιιιιιιιιι;
976 3215 1080 3276 deinde
1097 3233 1145 3276 re·
1157 3235 1183 3276 ιι

129 3307 227 3378 ‘pente
243 3297 375 3378 Augusto
391 3301 463 3378 viso,
479 3318 562 3379 quem
576 3303 706 3380 ignotum
718 3301 866 3380 plerisque
880 3298 972 3362 adbuc
985 3289 1159 3361 avunculus

131 3378 250 3443 -Gaesnr
279 3383 315 3445 ad
343 3383 560 3446 sacrificandmn
581 3387 743 3463 acciverat,
771 3384 955 3446 affirmavit
947 3401 1040 3463 ipsum
1062 3399 1147 3460 esse,

133 3465 219 3526 cuius
236 3467 331 3546 imago
348 3468 503 3530 secundum
522 3471 646 3549 quietern
661 3469 716 3530 sibi
731 3468 886 3530 obversata
902 3469 949 3529 sit.
