2408 3870
444 212 652 262 PRAEFATIO.
954 217 1000 264 LV

86 371 243 432 ‘senatoria
271 369 416 443 possidet,
448 371 519 435 unde
549 371 679 428 nonnulla
707 374 848 445 excerpsit
876 375 997 444 Ernesti,

83 460 173 531 plura
188 453 502 524 baumgarteu-Crusius
515 463 529 512 1
546 472 572 525 p.
587 454 657 510 llVl.
671 455 739 511 lllll
755 457 888 528 prodidit,
906 458 996 514 omnia

87 539 279 596 amicissimus
302 537 518 593 Theodorus
539 537 699 594 lloebius
719 556 824 595 meeum
848 541 997 597 eommuni-

94 625 179 680 cavit.

156 706 295 776 vulgatae
311 702 440 760 lectionis
455 703 621 775 principium
635 703 763 761 Aldina
778 715 820 762 ast
835 707 939 776 editio,
962 708 996 764 ab
1015 706 1098 751 ntum

84 791 169 847 Aldu
191 790 240 844 Pio
259 786 380 844 llarmtio
405 787 562 842 et.loanue
585 787 707 858 baptista
731 787 849 859 lignatio
870 791 997 848 Venetiis

84 893 118 930 a.
139 879 209 932 1508
223 877 318 927 aurata
331 875 359 924 et
372 869 453 924 Plinii
468 870 595 941 epistolis
611 870 747 927 adiuncta.
779 874 821 928 Ad
842 891 901 930 eam
915 891 995 945 prae-

93 955 246 1030 parandam
272 954 395 1009 editores
417 969 471 1008 non
494 952 599 1023 scripto
615 954 732 1024 quodem
754 956 827 1011 libro
851 973 917 1012 usos
934 974 997 1012 esse

4 1073 6 1080 =
89 1039 244 1106 existimo,
265 1052 360 1092 verum
377 1035 467 1092 tribus
484 1035 652 1092 editionibus
670 1053 737 1107 quas
760 1041 841 1096 modo
856 1041 998 1112 prinsipes

1021 758 1099 802 aditio.

94 1123 170 1188 dixi,
187 1118 388 1178 diversissimis
401 1117 475 1173 inter
490 1134 539 1188 se,
554 1123 720 1191 eomparntis
737 1129 764 1176 et
779 1124 858 1194 quasi
873 1124 901 1178 in
917 1141 998 1178 unum

86 1205 209 1262 oollatis
224 1203 350 1260 libellum
365 1201 581 1258 emendatiorem
595 1203 791 1274 reddiderunt,
814 1223 892 1277 quam
910 1223 999 1278 usque

4 1307 5 1310 ¹
95 1306 130 1346 eo
148 1287 240 1344 editus
255 1287 355 1342 inerat.
385 1284 420 1340 Et
435 1285 638 1341 fundamentum
653 1286 846 1359 impressionis
862 1286 999 1345 Venetam

87 1391 119 1428 a.
142 1377 211 1430 1474
228 1387 291 1426 esse
310 1369 472 1447 voluerunt,
488 1368 517 1424 id
536 1370 610 1440 quod
622 1387 658 1424 ex
672 1371 834 1440 quibusdam
852 1373 934 1427 rebus
950 1389 999 1426 ex-

95 1455 170 1526 iguis
187 1471 258 1524 quae
275 1453 372 1509 oeulos
390 1451 489 1507 lallare
505 1453 606 1521 solent,
625 1453 734 1511 litteras
753 1457 816 1512 dieo
834 1457 877 1510 vel
896 1456 998 1510 maius-

95 1539 175 1594 eulas
193 1537 239 1592 vel
255 1534 439 1603 minusonlas,
459 1534 673 1606 interpungendi
689 1538 788 1608 signe,
805 1539 873 1593 vitia
890 1554 1000 1610 quoque

95 1692 185 1742 uerat,
215 1681 261 1730 eir.
288 1681 430 1734 casauboni
454 1680 574 1746 epistolae
601 1682 640 1733 ed.
668 1681 758 1736 Gruer.
783 1700 809 1748 p.
833 1684 874 1737 31.
907 1686 1001 1734 Verum

4 1763 5 1766 ’
96 1769 118 1802 a.
138 1751 205 1802 1610
223 1750 388 1800 Gasaubonus
406 1749 439 1798 ad
457 1763 560 1798 manum
583 1750 631 1798 sibi
649 1751 729 1802 tuisse
742 1760 847 1802 testatur
866 1754 1001 1802 editionem

89 1835 153 1870 verum
172 1817 270 1868 Aurelii
284 1817 394 1868 Victoris
411 1817 472 1866 viris
490 1816 630 1868 illustribus
647 1819 804 1868 coniunctam
823 1831 848 1870 et
865 1821 1001 1870 Mediolani

4 1926 6 1930 .
95 1902 142 1954 per
163 1888 237 1936 Alex.
257 1886 424 1936 Minutiaunm
442 1892 499 1934 ante
520 1893 613 1934 eentum
635 1894 733 1936 storto
754 1903 832 1938 annos
855 1890 872 1937 i.
895 1903 917 1937 e.
934 1901 1001 1937 anno

97 1956 164 2008 1502
181 1969 314 2013 excomm,
327 1968 400 2018 ,quae
418 1953 467 2003 sibi
488 1953 576 2018 scripti
594 1953 649 2002 libri
665 1956 745 2005 instar
764 1955 864 2009 luisset.
901 1957 1000 2006 Plerae-

97 2040 146 2089 que
170 2023 290 2090 lectiones
316 2023 348 2072 ab
366 2035 396 2072 eo
415 2029 620 2071 commemoratas
643 2023 779 2088 pluresque
804 2025 912 2075 omissas
930 2025 999 2074 Bon·

96 2092 178 2158 garsii
196 2105 273 2140 mauu
295 2090 436 2155 adscriptas
454 2089 536 2154 reperi
554 2089 580 2138 iu
599 2092 714 2157 exemplo
733 2093 926 2158 Autverpiensis
945 2093 999 2142 edi-

96 2162 173 2217 tionis
189 2175 213 2212 a.
232 2161 313 2218 1574,
329 2158 397 2222 quod
412 2158 509 2207 Bernae
528 2167 649 2207 servatur.
686 2161 714 2208 lu
737 2175 767 2210 eo
786 2162 901 2227 exemplo
918 2161 1000 2210 littera

97 2230 128 2278 M
145 2243 211 2291 quae
230 2243 261 2275 ex
280 2226 402 2286 editione,
420 2225 502 2274 littera
520 2227 545 2273 P
561 2240 625 2289 quae
645 2243 659 2276 e
677 2228 828 2291 Petaviano,
846 2243 912 2278 nune
930 2228 999 2277 Pari·

95 2301 153 2348 sino
181 2295 267 2346 codiee
290 2295 383 2359 scripto
408 2301 527 2358 excerpta
555 2302 613 2343 sunt
636 2295 833 2362 distinguuntur.
877 2296 1000 2346 Berneusi

97 2365 215 2429 exemplo
238 2363 414 2412 casaubonum
437 2375 510 2410 usum
528 2376 601 2422 esse,
629 2363 703 2413 fldem
727 2364 822 2414 faciunt
844 2366 1000 2414 oouieeturae

96 2435 193 2496 aliquot
219 2431 408 2496 Bougarsianae
436 2446 471 2480 ere
493 2429 630 2493 Bonparsii
650 2433 734 2484 cortice
756 2433 787 2482 ab
813 2432 856 2482 illo
878 2432 998 2496 prolatae,

96 2502 251 2553 convincunt
266 2497 307 2549 hio
322 2498 373 2548 illie
391 2506 465 2549 uotae
484 2497 513 2546 M
527 2505 551 2547 et
565 2499 589 2545 P
605 2499 726 2550 confusae
743 2500 784 2550 rel
803 2499 901 2550 Pithoei
919 2499 999 2549 codex

96 2575 143 2636 p'ro
158 2567 295 2618 Petariano
311 2581 343 2614 ex
357 2567 505 2632 compendio
523 2566 548 2613 P
563 2566 654 2616 lactus.
692 2569 823 2619 Praeterea
841 2581 897 2616 eam
910 2565 999 2617 editio·

97 2652 156 2688 uem
175 2649 249 2686 nemo
270 2634 345 2694 vidit,
370 2649 451 2698 neque
468 2633 543 2684 lrodie
560 2635 730 2701 bibliographl
747 2636 823 2686 aliam
835 2635 953 2685 Virorum
968 2633 999 2684 il·

96 2706 216 2757 lustrium
237 2702 372 2754 editionem
398 2702 610 2753 Mediolanensem
634 2704 666 2753 ab
690 2705 764 2757 Alex.
791 2704 928 2754 bliuutiarm
952 2703 999 2752 im·

52 2780 58 2786 '
92 2788 213 2842 pressam
234 2779 326 2822 norunt
346 2771 395 2820 uisi
418 2771 450 2820 de
467 2785 489 2820 o.
512 2769 579 2821 1509
597 2786 702 2834 eamque
719 2772 890 2822 Grammaticis
911 2785 999 2821 earea-

98 2851 156 2894 tem.
195 2841 311 2893 Ceterum
333 2837 380 2889 suit
395 2839 438 2888 illa
455 2853 528 2887 mera
540 2840 654 2904 repetitio
675 2841 832 2891 Florentiuae
850 2839 890 2889 vel
908 2839 999 2890 similis

96 2910 219 2970 alieuius,
232 2910 287 2958 s'me
299 2907 357 2957 ullis
370 2907 485 2972 vestigiis
503 2922 593 2956 manus
612 2908 794 2962 emendatrieis.

132 2977 158 3030 3.
180 2977 292 3028 Achilles
308 2976 403 3026 Statius
416 2977 510 3026 Romae
526 2990 547 3025 a.
563 2974 629 3026 1565
643 2984 751 3026 veterem
766 2977 893 3041 quandam
910 2975 999 3026 editio·

97 3062 157 3098 aem
166 3045 293 3098 consuluit
304 3059 360 3093 eum
372 3043 515 3094 Florentius
530 3045 623 3106 ubique
642 3044 917 3104 lereoonseutieutem,
936 3057 999 3094 uon·

95 3129 238 3178 numquam
247 3114 359 3164 Venetae
376 3111 527 3162 Beruardiui
546 3112 715 3174 accedentem,
732 3121 760 3164 ut
774 3129 800 3179 p.
813 3112 872 3174 259,
888 3114 921 3162 22
936 3114 999 3162 etu-

99 3185 193 3240 dendo,·
211 3198 237 3246 p.
252 3181 312 3243 269,
329 3181 362 3231 28
377 3189 456 3243 porta
465 3198 475 3236 ,·
492 3179 537 3230 sed
552 3180 619 3228 baud
636 3181 670 3230 ita
687 3197 743 3232 raro
762 3197 828 3232 nuuc
844 3182 870 3230 iu
883 3180 999 3230 omitten-

100 3253 138 3302 dis
157 3249 287 3302 voeabulis
304 3250 342 3316 (p.
363 3251 421 3310 261,
440 3249 472 3298 14
487 3257 511 3298 et
531 3249 562 3300 16
580 3249 697 3299 Varrone
711 3259 735 3300 et
754 3251 882 3307 Marmar
895 3264 921 3314 p.
941 3247 1000 3307 264,

95 3321 115 3372 9
130 3335 176 3384 que
184 3337 195 3378 ;
213 3335 238 3384 p.
251 3319 311 3382 271,
331 3317 364 3368 19
379 3317 447 3378 dum)
465 3331 531 3366 nune
547 3317 573 3365 in
590 3319 731 3368 nominibus
747 3317 875 3368 mutandis
890 3324 927 3380 tp.
938 3313 999 3373 258,

9 3391 12 3395 ’
97 3387 116 3438 6
135 3391 167 3437 L.
180 3388 288 3442 Aetius:
301 3403 326 3452 p.
337 3385 396 3446 263,
408 3387 440 3438 16
453 3383 588 3440 Tubertus:
605 3387 647 3440 21.
658 3385 689 3437 31
702 3387 801 3438 Hirtius
809 3395 833 3436 et
844 3381 941 3447 Hirtio)
953 3394 1000 3432 suo

99 3471 199 3520 quoque
215 3456 319 3506 arbitrio
336 3464 461 3522 agentem.
