2438 3872
519 189 623 240 nano.
902 177 904 182 '
1012 187 1069 247 191

6 371 7 374 ¹
72 342 153 418 nior,
175 341 320 402 Britannia
337 343 534 423 Armeniaque
550 346 653 406 amissa
669 365 704 406 ac
726 367 825 410 rursus
847 359 968 429 utraque
988 370 1073 412 rece·

73 435 133 506 pta,
149 425 314 496 defunctum
330 445 362 487 se
378 428 513 488 letalibus
528 429 610 489 malis
626 431 817 493 existimabat.
828 433 840 511 l
850 434 889 495 Ut
903 451 986 511 vero,
1003 453 1070 495 con·

74 511 150 570 sulto
166 509 289 589 Delphis
310 511 466 589 Apolline,
494 517 757 592 septuagensimum
779 534 814 576 ac
833 517 947 578 tertium
969 537 1071 578 annum

75 593 232 654 cauendum
254 594 308 654 sibi
330 595 451 673 audivit,
472 600 554 675 quasi
576 614 612 657 eo
634 598 745 658 demum
773 599 915 678 obiturus,
943 619 977 661 ac
1002 603 1070 662 nihil

46 680 243 740 sconiectans
263 678 299 738 de
323 688 416 740 aetate
432 680 560 758 Galbae,
584 691 659 742 tanta
681 683 785 743 fiducia
805 702 863 744 non
880 685 967 745 modo
988 703 1071 746 sene·

75 775 148 826 ctam
169 763 221 823 sed
243 764 327 822 etiam
350 774 518 843 perpetuam
539 767 771 846 singularemque
795 771 930 848 concepit
949 769 1073 830 felicita·

73 860 148 924 tem,
170 857 201 907 ut
218 849 330 907 amissis
351 849 502 926 naulragio
519 853 733 928 pretiosissimis
749 851 837 912 rebus
851 871 909 913 non
925 852 1071 912 dubitave-

74 936 110 994 rit
126 936 199 992 inter
215 950 283 992 suos
300 932 415 1009 dicere,
430 934 534 1010 pisces
550 951 605 993 eos
621 934 683 994 sibi
695 936 862 998 relaturos.
1150 1003 1153 1008 ,

134 1015 259 1096 Neapoli
275 1016 311 1075 de
327 1026 404 1076 motu
418 1016 572 1077 Galliarum
585 1021 723 1095 cognovit
737 1020 784 1081 die
800 1023 863 1100 ipso
880 1039 937 1100 quo
953 1031 1072 1082 matrem

38 1124 64 1165 ro
76 1101 241 1177 occiderat,
266 1100 397 1178 adeoque
420 1100 497 1161 lente
520 1120 553 1162 ac
575 1121 679 1162 secure
699 1104 762 1163 tulit
775 1114 805 1164 ut
820 1105 971 1183 gaudentis
987 1108 1072 1164 etiam

75 1187 265 1265 suspitionem
287 1184 454 1263 praeberet,
482 1195 623 1264 tamquam
646 1190 802 1248 occasione
823 1198 887 1248 nata
909 1188 1071 1268 spolianda·

74 1289 136 1331 rum
157 1271 218 1328 iure
240 1268 309 1328 belli
330 1268 609 1347 opulentissimarum
625 1274 851 1350 provinciarum
875 1275 1026 1351 statimque
1044 1273 1072 1330 in

75 1355 253 1433 gymnasium
268 1370 460 1430 progressus,
481 1355 617 1413 certantis
639 1354 762 1415 athletas
784 1356 956 1416 effusissimo
978 1356 1072 1415 studio

4 1467 7 1472 ·
76 1439 229 1518 spectavit.
261 1433 376 1503 Caenae
399 1454 515 1515 quoque
538 1447 668 1516 ternpore
694 1440 895 1519 interpellatus
921 1439 1071 1499 tumultuo-
1090 1443 1113 1488 o

38 1521 200 1591 rosionibus
219 1503 340 1596 litteii's',
367 1521 505 1581 hactenus
528 1522 700 1599 excanduit,
722 1532 753 1582 ut
774 1523 876 1583 malum
900 1524 935 1582 iis
958 1525 1005 1601 qui
1023 1524 1071 1582 de·

76 1608 200 1669 scissent
225 1609 389 1664 minaretur.
431 1604 563 1683 Denique
586 1623 639 1685 per
662 1617 729 1667 octo
754 1609 905 1667 continuos
927 1607 989 1666 dies
1016 1625 1071 1666 non

75 1688 241 1751 rescribere
260 1691 405 1768 cuiquam,
428 1706 485 1748 non
500 1689 635 1750 mandare
652 1691 718 1768 quid
735 1700 781 1750 aut
799 1693 970 1771 praecipere
987 1708 1072 1750 cona·
1094 1749 1143 1771 y„
1214 1735 1215 1740 1

76 1786 138 1850 tus,
162 1792 223 1832 rem
243 1773 358 1833 silentio
381 1761 580 1834 oblitteravit.l
596 1773 706 1833 Edictis
728 1774 841 1834 tandem
858 1776 988 1835 Vindicis
1006 1770 1151 1842 con-ss*
1213 1817 1215 1838 2

75 1858 236 1920 tumeliosis
253 1857 498 1936 etfrequentibus
520 1867 682 1937 permotus,
706 1867 834 1918 senatum
851 1859 974 1938 epistula
989 1861 1016 1917 in
1032 1857 1073 1917 ul·
1209 1853 1215 1868 ”

39 1963 66 2005 ao
75 1945 182 2004 tionem
199 1943 242 2001 sui
259 1943 358 2022 reique
376 1941 510 2021 publicae
527 1941 693 2001 adhortatus
707 1951 760 2018 est,
777 1951 916 2002 excusato
932 1942 1074 2020 languore

75 2028 218 2101 lancium,
237 2035 360 2105 propter
375 2043 459 2104 quam
471 2043 528 2085 non
547 2024 671 2085 adesset.
702 2023 778 2085 Nihil
802 2035 894 2086 autem
914 2043 1007 2103 aeque
1024 2024 1074 2084 do·

75 2113 145 2187 luit,
169 2128 253 2189 quam
276 2119 306 2168 ut
321 2109 424 2169 malum
444 2127 476 2168 se
494 2108 690 2169 citharoedum
709 2112 879 2189 increpitum
897 2129 930 2170 ac
947 2126 1000 2189 pro
1017 2107 1073 2168 Ne-

75 2214 148 2256 rone
169 2193 375 2254 Aenobarbum
396 2193 581 2272 appellatum.
625 2191 663 2252 Et
687 2211 790 2253 nomen
817 2194 930 2273 quidem
953 2193 1075 2271 gentile,

77 2279 155 2359 quod
180 2277 234 2337 sibi
255 2296 309 2358 per
325 2277 525 2338 contumeliam
549 2276 792 2356 exprobraretur,
817 2279 1025 2357 resumpturum
1035 2288 1074 2336 'se

3 2369 4 2376 ’
40 2365 228 2445 asproiessus
247 2370 306 2440 est,
330 2361 467 2440 deposito
485 2360 638 2442 adoptivo,
662 2371 760 2422 cetera
782 2363 922 2438 convitia,
946 2370 976 2420 ut
990 2361 1074 2434 salsa,

76 2468 135 2509 non
152 2446 209 2508 alio
226 2455 395 2522 argumento
410 2443 583 2521 refellebat,
602 2465 686 2524 quam
702 2444 779 2524 quod
796 2447 880 2505 etiam
894 2446 1006 2524 inscitia
1021 2443 1075 2502 sibi

3 2589 5 2604 ,
77 2542 156 2594 tanto
180 2549 271 2611 opere
295 2529 461 2608 elaboratae
483 2529 692 2608 perfectaeque
714 2548 730 2590 a
752 2547 784 2589 se
808 2530 877 2590 artis
901 2528 1075 2601 obiceretur,

77 2614 212 2692 singulos.
232 2613 351 2674 subinde
368 2615 514 2692 rogitans,
537 2619 700 2674 nossentne
715 2630 894 2693 quanquam
906 2617 1073 2690 praestan·

77 2701 195 2762 liorem.
236 2697 298 2766 Sed
320 2697 487 2776 urgentibus
507 2696 570 2757 aliis
592 2715 681 2776 super
707 2697 780 2756 alios
807 2697 928 2771 nuntiis,
955 2695 1074 2756 Romam

2 2809 9 2881 2,
41 2799 67 2841 ao
78 2781 281 2864 praetrepidus
297 2782 398 2850 rediit;
415 2782 577 2860 leviterque
592 2781 678 2841 modo
694 2779 721 2838 in
736 2781 839 2840 itinere
854 2780 962 2840 frivolo
981 2780 1075 2857 auspi·

3 2887 7 2934 ς
78 2870 124 2928 cio
143 2875 239 2926 mente
261 2875 410 2942 recreata,
435 2883 497 2926 com
514 2865 679 2926 adnotasset
699 2863 872 2943 insculptum
892 2871 1074 2924 monumento

3 2935 7 3034 l
76 2953 194 3012 militem
210 2949 321 3012 Gallum
345 2951 381 3011 ab
405 2950 500 3028 equite
522 2948 557 3009 R.
585 2966 757 3028 oppressum
778 2947 850 3008 trahi
873 2947 1015 3023 crinibus,
1041 2945 1076 3006 ad

3 3039 6 3098 i
77 3055 141 3097 eam
158 3036 287 3116 speciem
303 3035 402 3094 exiluit
419 3031 524 3111 gaudio
542 3033 710 3110 caelumque
726 3031 939 3103 admetiendo
955 3050 991 3091 ne
1008 3040 1076 3089 tunc

3 3113 5 3138 ³
77 3121 192 3200 quidem
214 3127 261 3178 aot
283 3127 383 3179 senatu
400 3126 446 3178 aut
464 3115 575 3195 populo
594 3133 691 3176 coram
713 3117 877 3196 appellato,
902 3114 1076 3194 quosdame

2 3140 8 3293 h
42 3222 68 3262 :u
77 3201 251 3284 primoribus
273 3205 342 3263 uiris
366 3201 479 3262 donnum
501 3201 652 3276 evocavit,
672 3209 874 3279 transactaque
888 3201 991 3278 raptim
1008 3199 1075 3256 con‘·

3 3299 6 3390 p
76 3279 250 3364 sultationc,
273 3287 413 3366 reliquam
429 3286 485 3346 diei
504 3293 612 3363 partem
629 3302 682 3362 per
700 3301 808 3361 organa
826 3283 992 3358 hydraulica
1008 3279 1084 3339 novi

3 3391 4 3404 ¹
76 3382 106 3434 et
122 3375 216 3452 ignoti
230 3373 349 3450 generis
370 3368 573 3443 circumduxit,
595 3366 810 3446 ostendensque
827 3365 957 3444 singula,
980 3364 1015 3424 de
1031 3381 1075 3422 ra·

3 3485 6 3538 r
76 3459 156 3519 tione
173 3463 210 3519 ac
225 3453 391 3517 diiiicultate
408 3455 546 3530 cuiusque
561 3453 725 3527 disserens,
739 3452 800 3512 iam
817 3469 851 3512 sa
864 3451 954 3512 etiam
964 3447 1075 3528 prolo-

3 2685 7 2720 l
