2438 3872
132 131 194 194 250
216 144 247 194 c.
264 145 414 195 sunroru
431 147 560 208 nunno.
578 148 626 196 ns
641 149 723 196 vrrs
739 148 1008 283 esussssspffle.
1000 150 1103 198 ..ιιιι

20 303 22 308 ’
125 302 279 381 ,propositi
292 303 414 379 gratiam
428 302 529 363 iacere
543 320 601 362 non
615 304 670 364 alia
686 306 779 381 magis
796 322 828 363 re
842 304 1007 383 compulsus
1027 304 1133 365 ereda·

132 394 188 462 tur,
201 403 289 489 ιιιιιιιι
304 385 381 484 quod
399 388 494 466 sparsi
511 386 602 447 libelli
620 406 684 448 cum
699 387 744 448 his
761 388 896 448 versibus
913 397 1008 448 eram:
1122 433 1126 442 .

163 462 305 568 Kdvye
325 489 350 548 φ
352 460 434 616 clypg
456 462 551 552 ἐπὶρ
530 461 678 552 wlgari,
658 491 748 570 οιιως
766 471 815 533 ἔτι
835 463 1098 554 καρποφορήσω,

259 553 373 614 Ocnos
409 555 665 633 essentessent,
687 548 798 635 τράγε,
820 548 989 639 θιομένιι

131 637 241 700 Eadem
260 637 413 699 formidine
434 637 561 699 oblatum
588 657 604 699 a
625 649 727 700 senatu
750 658 856 701 nonin
880 649 910 700 et
933 641 1155 718 excogitatum

131 721 289 799 honorem,
307 740 477 802 quamquam
494 725 617 784 omnium
632 722 729 784 talium
750 725 1020 804 appetentissimus,
1045 741 1131 783 reen-

131 809 217 885 suvit,
233 824 290 886 quo
305 807 455 868 decretum
467 816 530 868 erat
540 817 579 885 ut,
594 810 728 886 quotiens
740 817 859 886 gereret
876 808 1067 885 consulatum,
1081 825 1131 886 eq.

128 891 165 952 ll.
185 890 288 971 quihus
306 908 373 952 sors
389 890 555 970 obtigisset,
570 891 692 952 trabeati
712 900 742 952 et
764 910 827 952 cum
848 891 938 954 basiis
960 891 1132 952 militaribus

130 976 343 1053 praecederent
359 993 422 1035 euro
437 977 513 1036 iuter
524 975 646 1037 lictores
663 977 913 1054 apparitoresque.

17 1091 22 1099 ·
192 1059 338 1140 Tempore
368 1061 497 1140 suspecti
527 1059 650 1138 periculi
673 1062 941 1140 appropinquante,
973 1059 1163 1120 sollicitioris

129 1144 159 1204 in
181 1145 261 1221 dies,
284 1147 462 1223 porticuum,
487 1144 641 1223 inquibus
665 1145 784 1223 spatiari
807 1152 976 1221 consuerat,
1001 1145 1132 1223 parietes

130 1229 268 1307 phengite
290 1227 388 1306 lapide
415 1229 557 1305 distinxit,
585 1247 602 1288 e
625 1229 705 1288 cuius
729 1228 888 1306 splendore
912 1246 966 1307 per
987 1229 1131 1307 imagines

129 1312 300 1392 quidquido
320 1320 407 1389 tergo
427 1312 510 1376 lieret
530 1311 708 1391 provideret.
744 1311 808 1373 Nec
828 1313 882 1371 uisi
904 1321 1020 1372 secreto
1041 1321 1130 1391 atque

16 1431 73 1478 ιι,
72 1396 210 1476 specius
226 1394 521 1478 plerasqueffl
401 1395 548 1456 custodias
556 1397 715 1475 ,receptis
733 1396 848 1475 quidem
869 1397 897 1456 ιιι
917 1413 1030 1456 manum
1052 1406 1130 1458 cate·

129 1483 183 1559 nis,
197 1478 341 1542 audiebat
372 1480 468 1560 thue
491 1480 659 1541 domesticis
685 1480 889 1559 persuaderet,
913 1480 1164 1559 nebouoqui·1s

63 1565 193 1694 melem
212 1564 348 1644 exemplo
364 1564 523 1626 audendum
544 1583 612 1625 esse
628 1565 742 1646 patroni
758 1583 876 1641 necem,
899 1563 1131 1644 Epaphrodtum

63 1615 267 1730 mathois
289 1648 406 1727 capitali
429 1665 525 1728 poena
549 1648 764 1727 condemnavit,
786 1649 864 1728 quod
887 1658 954 1726 post
968 1648 1129 1724 destitutio·

127 1753 192 1794 nem
207 1733 314 1795 Nero
305 1752 334 1793 ιιι
350 1733 537 1812 adipiscenda
551 1742 643 1793 morte
663 1751 747 1794 manu
768 1734 830 1792 eius
851 1732 962 1794 adhrtus
984 1734 1129 1793 existima·

87 1818 222 1883 libatur.
255 1816 386 1897 Denique
408 1815 538 1878 Flavium
558 1815 737 1877 Clementem
757 1816 917 1896 patruelem
939 1834 1036 1894 suum,
1058 1833 1127 1876 con·

38 1909 70 1928 ⁰⁹
125 1903 336 1981 tern'ptissimae
351 1903 488 1978 inertiae,
502 1902 594 1962 'cuins
616 1901 693 1963 lilios
716 1899 801 1962 etiarn
822 1909 879 1960 tum
907 1900 1046 1978 porrulos
1062 1918 1163 1962 suc-ro

127 2003 266 2047 cessores
281 1987 377 2065 pelam
393 1985 588 2046 destinaverat
602 1993 647 2062 et,
662 1983 771 2046 abolito
787 1987 886 2063 priore
901 1986 1033 2060 nomine,
1056 1982 1128 2045 alte·-

126 2089 189 2130 rum
210 2071 420 2169 Vespasianum
440 2069 584 2149 appellari
606 2070 746 2146 iusserat,
773 2069 895 2130 alterum
922 2030 1127 2168 Domitianum,
1202 2063 1203 2124 i

126 2162 249 2232 repente
272 2171 310 2213 ex
336 2154 501 2214 tenuissima
533 2153 693 2232 suspitione
717 2161 823 2214 tantum
849 2169 907 2212 non
928 2154 956 2212 in
975 2154 1046 2251 ipso
1065 2153 1129 2214 eius
1200 2131 1203 2214 l

127 2235 298 2297 consulatu
289 2239 441 2306 interemit.
468 2238 532 2313 Quo
544 2237 667 2298 maxime
679 2233 765 2298 lacto
768 2238 919 2298 maturavit
930 2236 985 2297 sibi
998 2238 1127 2296 exitium
1200 2221 1202 2288 l

190 2318 339 2381 Continuis
365 2330 433 2383 octo
458 2320 606 2381 mensibus
633 2331 677 2381 tot
700 2321 815 2398 fulgura
837 2319 916 2380 loeta
940 2322 1187 2399 nuntiataquezc
1180 2313 1202 2438 1

125 2414 202 2482 sunt,
214 2413 246 2464 ut
261 2404 485 2466 exclamaverit:
508 2403 642 2466 Feriat
629 2422 703 2482 eom,
720 2421 806 2484 pacto
820 2403 920 2465 volet!
954 2405 1074 2466 Tectum
1091 2403 1128 2463 de
1201 2439 1202 2459 ι

94 2526 98 2538 -
126 2489 212 2550 eaelo
234 2487 407 2568 (lapitolium
428 2489 622 2568 templumque
648 2487 766 2550 Flaviae
793 2489 905 2565 gentis,
931 2490 997 2548 item
1025 2487 1128 2548 domus

125 2571 253 2634 Palatina
269 2582 299 2633 et
313 2572 476 2636 cubiculum
496 2574 597 2651 ipsius,
615 2582 703 2651 atque
721 2574 806 2632 etianr
822 2590 839 2630 e
856 2571 920 2631 basi
943 2579 1055 2650 statuae
1078 2574 1127 2632 tri·

14 2671 16 2680 ’
125 2657 267 2735 omphalis
290 2657 388 2718 titulos
402 2675 543 2718 excussus
562 2659 591 2716 ιι
614 2656 796 2734 procellae
787 2672 816 2714 m
834 2647 1039 2716 monimentum
1058 2673 1127 2736 pro·

125 2759 239 2800 xnrnum
265 2740 385 2802 decidit
424 2740 538 2818 Arbor,
566 2754 642 2820 quae
670 2741 784 2819 privato
817 2737 910 2800 adhuc
941 2741 1160 2819 Vespasianum

26 2812 86 2870 t'*
125 2841 229 2884 euersa
245 2834 427 2901 surrexerat,
445 2834 513 2884 tunc
526 2839 627 2884 rursus
642 2832 765 2902 repente
783 2824 901 2884 corruit.
937 2823 1127 2884 Praenestina
1197 2801 1200 2978 1

123 2905 267 2983 Fortuna,
286 2910 371 2970 tcto
363 2910 475 2988 imperii
490 2911 585 2987 spatio
605 2925 707 2967 annum
725 2919 831 2968 norum
844 2908 1055 2969 commendanti
1068 2907 1170 2968 lae·

123 2998 179 3050 tatu
198 2953 378 3070 eandemque
396 3010 513 3070 semper
528 3001 636 3052 sortem
651 2992 720 3052 dare
736 3000 862 3069 assueta,
876 3001 1008 3053 extremo
1021 2993 1127 3052 tristis·
1198 3043 1199 3046 ,

124 3074 222 3133 simam
239 3074 372 3152 reddidit,
389 3094 445 3137 nec
465 3077 527 3136 sine
542 3077 690 3153 sanguinis
703 3076 859 3136 mentione.

48 3173 131 3256 ,ιιι
184 3156 357 3245 Minervam,
376 3177 459 3238 quam
475 3161 678 3239 superstitiose
702 3159 834 3236 colebat,
860 3141 1015 3222 somniarit
1036 3177 1125 3220 exce·
1114 3171 1159 3212 ·³⁵

123 3234 210 3299 dere
211 3244 340 3302 sacrario
359 3243 603 3321 *negantemque
620 3244 700 3306 ultra
711 3247 744 3304 se
759 3245 834 3304 tueri
846 3261 910 3304 earn
929 3259 1031 3322 posse,
1049 3241 1127 3324 quod

123 3333 268 3384 exarmata
291 3334 401 3386 esseta
421 3325 503 3385 love.
540 3325 625 3387 Nulla
649 3337 744 3389 tamen
763 3345 798 3387 re
820 3328 939 3406 perinde
965 3335 1126 3388 commotus

123 3411 175 3480 est,
189 3422 274 3483 quarn
288 3425 434 3486 responso
448 3423 574 3485 casuque
584 3408 798 3470 Ascletarionis
808 3409 1012 3472 mathematici.
1042 3409 1127 3469 lluoc

1184 3587 1197 3840 ,
