2412 3876
467 233 572 284 nuvae
590 231 716 284 somna.
1053 221 1092 286 ta

6 337 10 448 d
88 393 201 454 moveri
217 389 390 470 quandoque
412 397 549 469 possent,
571 389 705 466 institnit,
730 389 903 469 quotannis
926 387 955 449 in
979 387 1092 448 demor-
1109 373 1140 432 *Γ

88 486 204 538 tuorum
220 473 317 536 loeum
340 475 450 556 exiis,
474 473 522 552 qui
544 474 661 534 recensi
675 491 733 534 nou
755 481 868 551 essent,
892 472 1093 534 subsortitioa

6 586 14 640 ς
90 567 230 640 praetore
244 559 336 620 fieret.
360 549 523 635 Octoginta
540 565 634 618 antem
651 558 754 618 nivium
770 556 886 617 milibus
908 557 937 616 in
953 557 1136 618 salama-sa

6 659 7 664 ’
82 647 170 704 'rinae
185 641 317 703 colonias
332 639 505 718 distributis,
518 649 548 700 ut
562 639 722 701 exhaustae
738 657 855 720 qnoque
867 639 947 702 urbis
958 642 1094 719 frequen·

6 751 8 792 ῃ
67 729 131 794 otia
147 734 334 806 suppeteret,
358 727 468 800 sumit,
491 742 528 784 ne
544 726 611 803 quis
626 726 698 786 civis
713 727 805 787 maior
822 727 904 786 annis
926 724 1027 804 viginti
1044 725 1094 784 mi·
1143 786 1148 809 Ι

6 817 11 890 3
90 829 185 873 norre
202 809 311 889 quadra
335 811 408 887 iata,
425 810 475 888 qui
489 817 670 891 sacramento
686 825 746 870 non
759 818 920 885 teneretur,
933 809 998 889 plus
1008 809 1095 869 trien·
1115 803 1158 876 st.

90 897 140 957 nio
150 873 293 955 ⁶ffiutinuo
308 826 391 954 Iqffia
410 891 543 969 abesset,
563 910 620 952 neu
639 892 688 972 qui
703 895 847 954 senatoris
865 894 941 954 lilius
955 894 1011 953 nisi
1026 910 1095 954 oon-

6 977 8 1008 *
90 977 253 1042 tubernalia
279 985 328 1038 aut
357 993 458 1036 eomes
477 975 662 1054 magistratus
686 993 815 1057 peregre
840 978 1092 1057 prolieisoeretur;

6 1123 8 1144 ζ
91 1061 288 1154 πονοὲῂ-ᾳιιί
303 1061 468 1139 pecuariam
483 1061 631 1138 laoerent,
650 1063 742 1122 minus
756 1063 841 1122 tertia
857 1069 940 1142 parte
955 1061 1096 1142 puberum

6 1147 7 1150 ’
58 1149 284 1224 soiugenuorura
304 1145 380 1204 inter
400 1152 536 1226 pastores
556 1143 707 1206 baberent
746 1143 902 1226 Omnisque
925 1146 1098 1208 medisinam

91 1232 204 1294 Romae
229 1227 385 1309 professos
406 1237 436 1289 et
451 1228 612 1289 liberalium
630 1230 906 1306 artiumdoetores,
928 1247 987 1310 quo
1003 1229 1095 1291 liben-

6 1319 8 1390 3
91 1318 149 1376 tius
172 1321 202 1374 et
219 1313 277 1392 ipsi
296 1311 398 1374 orbem
419 1313 582 1374 incolerent
604 1323 633 1374 et
654 1314 745 1374 aeteri
766 1313 955 1394 adpeterent,
979 1315 1095 1375 civitate

6 1391 8 1426 ³²
93 1398 221 1460 donavit.
256 1395 302 1456 Ile
324 1397 455 1477 pesuniis
478 1399 599 1474 mutuis,
627 1397 748 1458 disieota
772 1415 912 1459 novarum
934 1398 1096 1466 tabularum

6 1481 7 1488 ³
93 1481 334 1560 exspectatione,
348 1499 423 1560 qnae
442 1480 547 1542 erebro
566 1481 754 1558 movebatur,
772 1481 903 1543 daorevit
919 1483 1050 1560 taudem,
1066 1489 1096 1540 ut

58 1581 83 1622 se
93 1564 244 1628 debitores
260 1563 453 1625 oreditoribus
473 1566 543 1626 sutis
558 1565 690 1626 iacerent
708 1583 762 1649 per
783 1568 1012 1628 aestimationem
1028 1583 1095 1645 pos-

6 1681 9 1732 3
93 1650 272 1726 sessionum,
289 1651 386 1727 quanti
404 1665 536 1729 quasque
550 1659 615 1710 ante
632 1649 719 1709 elvile
739 1648 848 1730 bellum
863 1658 1096 1728 eomparassent,

6 1733 9 1802 t
93 1731 219 1816 dedpqtp
241 1749 368 1818 ane
391 1734 468 1794 aeris
488 1733 592 1809 alieni,
615 1733 728 1812 siquid
750 1746 853 1794 usurae
869 1735 985 1796 nomine
999 1751 1096 1793 nume-

92 1825 186 1878 ratum
209 1824 257 1876 aut
277 1813 473 1895 perscriptum
492 1817 610 1887 luisset;
632 1833 689 1896 qua
709 1811 884 1898 eondloiona
908 1825 1010 1897 quarta
1027 1835 1096 1898 pars

94 1901 159 1962 iere
180 1898 283 1960 orediti
301 1899 463 1978 deperibat.
502 1897 612 1962 Gunota
636 1900 781 1985 eollegla,
804 1909 922 1980 praeter
941 1902 1097 1980 antiquitas

60 1999 86 2042 ao
98 1985 269 2060 constituta,
293 1982 435 2044 disum.
467 1984 582 2045 Poenas
596 1984 757 2044 iaeiuormir
778 1985 872 2054 auxit:
893 1993 922 2044 et
936 1999 1001 2046 oum
1017 1985 1097 2048 loeu-

95 2068 193 2149 pletes
208 2083 245 2128 eo
262 2065 378 2129 labilius
393 2067 508 2128 scelere
523 2085 557 2128 se
572 2065 751 2147 obligarent,
778 2069 857 2149 quod
875 2071 996 2148 integris
1011 2065 1098 2148 patri·

6 2127 11 2170 '
94 2151 200 2213 moniis
214 2150 384 2228 exulabant,
405 2151 583 2230 parricidas,
605 2160 635 2211 ut
652 2150 759 2214 Cicero
774 2153 893 2232 soribit,
908 2153 992 2214 bonis
1009 2154 1096 2214 omni-

89 2236 165 2314 bus,
184 2234 317 2313 reliquos
337 2234 450 2296 dimidia
472 2243 557 2314 parte
575 2236 713 2298 multavit
744 2236 793 2298 lus
813 2237 1045 2300 laboriosissime
1063 2245 1141 2301 nese

95 2318 283 2381 severissime
299 2317 382 2378 dixit.
414 2319 651 2398 Repetundarum
667 2317 820 2384 eonrietos
835 2323 921 2382 etlam
937 2322 1037 2383 ordine
1053 2339 1098 2382 se-

6 2437 25 2464 „
58 2403 212 2464 senatorio
226 2403 324 2464 movit.
359 2401 482 2464 Diremit
492 2406 608 2484 nuptias
623 2406 764 2486 praetorii
778 2407 848 2482 viri,
872 2406 922 2486 qui
936 2405 1099 2484 digressam

6 2531 9 2538 -
96 2505 113 2549 a
135 2486 238 2547 marito
260 2494 329 2566 post
350 2486 466 2548 biduum
488 2489 583 2550 statim
604 2489 740 2567 duxerat,
762 2489 893 2570 quarm
916 2491 979 2550 sine
999 2489 1100 2568 probri

6 2577 7 2584 ’
97 2569 268 2650 suspitione.
299 2571 524 2650 Peregrinarum
543 2575 681 2635 mersium
699 2573 829 2653 portoria
848 2573 976 2633 instituit.
1005 2571 1099 2633 beoti-

6 2657 8 2666 “
99 2671 197 2715 aarum
211 2671 308 2731 usum,
328 2656 396 2716 item
413 2654 614 2730 conchyliatae
630 2660 722 2718 vestis
745 2665 775 2720 et
793 2658 1028 2736 margaritarum,
1044 2657 1100 2716 nisi

99 2738 188 2799 certis
203 2738 338 2816 personis
354 2744 384 2799 et
399 2738 541 2804 aetatibus
556 2758 668 2820 perque
685 2750 783 2802 oertos
800 2741 878 2819 dies,
902 2740 1016 2803 ademit.
1045 2741 1098 2802 be-

6 2831 7 2834 ’
29 2823 167 2901 .1.ao‘gem
187 2820 346 2902 praeeipue
368 2824 572 2903 sumptuariam
597 2827 743 2903 exeronit,
773 2824 923 2906 dispositis
944 2828 1022 2888 eirea
1042 2841 1099 2886 ma-

99 2903 207 2966 eelluns
218 2905 404 2984 eustodibus,
421 2909 471 2987 qni
485 2907 608 2968 obsonia
623 2917 725 2970 eontm
741 2910 861 2972 vetitum
876 2911 1035 2971 retinerent
1050 2909 1099 2969 de·

6 3041 7 3046 ,
97 2997 308 3070 portarentque
326 2990 363 3052 ad
378 3009 427 3068 se,
446 2991 601 3053 submissis
616 3009 828 3074 nonnumquam
841 2992 994 3056 lictoribus
1013 3002 1100 3072 atque

6 3115 7 3118 ,
65 3109 68 3116 ,
96 3071 250 3151 militibus,
268 3075 333 3154 qni,
356 3078 379 3136 si
407 3093 463 3155 qua
481 3076 619 3138 eustodes
640 3077 831 3160 fefellissept,
855 3079 910 3140 iam
929 3077 1101 3158 adpositae

96 3155 395 3228 trieliut'oauierrent.

6 3259 7 3266 ¹
57 3262 87 3304 aa
125 3258 126 3261 ’
158 3237 295 3305 ΝΜο
324 3243 452 3304 ornanda
476 3245 702 3326 instruendaque
725 3245 812 3324 urbe,
840 3249 909 3308 item
930 3244 968 3305 de
993 3244 1143 3305 tuendoat

97 3323 326 3409 ampliandoque
347 3327 471 3406 imperio
491 3329 575 3408 plura
597 3347 633 3390 ue
653 3333 763 3393 maiora
783 3330 814 3391 in
835 3330 899 3391 dies
922 3327 1098 3391 destinabat:

6 3417 18 3482 {a
95 3411 126 3470 itr
140 3408 357 3489 pausistratus
371 3410 524 3490 templum,
541 3423 675 3492 quautam
686 3431 827 3495 nusquam
843 3421 937 3490 esset,
953 3421 1098 3491 extruere,

6 3509 16 3584 j
95 3491 259 3574 repletoet
278 3495 454 3575 conplanato
468 3496 551 3576 laeu,
574 3499 603 3558 in
618 3517 676 3578 quo
699 3499 886 3561 naumaobiae
903 3497 1100 3576 speetaoulum

101 3617 240 3696 Meri.
265 3635 473 3702 nemausi
498 3671 504 3684 =
583 3665 635 3698 usa
661 3675 674 3690 ··
779 3681 801 3697 ,η
837 3660 851 3700 s,
889 3655 903 3710 ἰ
931 3673 936 3690 «
960 3663 1039 3700 susa

6 3729 18 3755 ’,
357 3731 371 3751 .ι
