2438 3872
130 200 191 262 186
237 211 267 259 c,
284 210 434 259 sunrour
450 209 578 270 ranno.
596 211 642 258 ns
660 210 745 257 vrrn
766 209 954 258 chasanum
965 211 1034 260 nra.
1049 212 1094 258 ur.

129 369 291 445 rigentem,
318 365 458 427 hactenus
482 365 575 444 primo
602 365 777 442 grauabatur
800 374 830 425 ut
851 364 956 425 invidia
981 365 1136 426 identidem

133 460 288 532 oneraret,
306 453 388 528 quasi
404 468 540 510 cessurus
554 451 678 528 imperio
694 447 884 526 Rhodumque
900 449 1043 526 abiturus,
1068 469 1136 512 mox

79 582 85 588 ,.
130 546 162 595 et
186 535 299 595 honore
321 535 396 594 omni
415 543 604 614 etnpotestate
622 535 755 612 privavit,
771 533 954 612 abductaque
970 534 1087 594 militum
1108 543 1138 594 et

133 620 342 682 Germanorum
358 619 497 696 statione,
522 616 713 679 contubernio
732 635 848 696 quoque
866 636 901 677 ac
917 617 1027 679 Palatio
1045 637 1136 697 expu-

132 705 179 774 lit;
204 721 300 781 neque
324 703 353 761 in
376 701 536 762 diuexanda
558 702 712 800 quicquam
735 703 818 780 pensi
840 701 953 779 habuit,
978 703 1162 767 summissis5

77 789 183 867 qui
199 797 228 846 et
239 788 349 847 Romae
365 795 524 847 morantem
538 786 636 846 litibus
650 795 679 846 et
693 788 721 844 in
734 803 855 858 secessu
868 789 1066 866 quiescentem
1082 805 1138 866 per

133 872 268 933 convicia
284 879 313 929 et
328 871 412 931 iocos
427 880 505 931 terra
519 871 647 948 marique
659 869 921 948 praeteruehentes
933 872 1136 950 inquietarent·

79 937 122 1004 s
135 958 244 1016 Verum
258 955 340 1014 minis
357 955 418 1014 eius
434 973 468 1016 ac
487 954 624 1015 violentia
637 956 754 1014 territus
768 953 894 1033 perdere
904 958 1014 1024 statutt
1031 965 1060 1015 et
1072 973 1139 1016 cnm

133 1051 179 1100 ter
206 1055 321 1100 veneno
349 1047 521 1117 temptasset
546 1041 725 1118 sentiretque
756 1039 891 1099 antidotis
917 1041 1136 1118 praemunitam,

135 1125 297 1200 lacunaria,
315 1140 389 1200 quae
409 1133 496 1183 noctu
516 1141 604 1202 super
619 1123 807 1182 dormientem
823 1123 918 1184 laxata
934 1124 1065 1184 machina
1084 1123 1135 1182 de·
1147 1150 1176 1190 ιο

136 1208 281 1282 ciderent,
300 1208 423 1285 paravit.
460 1207 525 1267 lloc
544 1207 666 1268 consilio
685 1225 738 1287 per
756 1209 893 1268 conscios
908 1225 1009 1286 parum
1028 1207 1136 1283 celato,

134 1291 280 1352 solutilem
295 1308 412 1368 narem,
434 1293 513 1351 cuius
529 1291 577 1351 vel
592 1291 743 1369 naufragio
760 1291 808 1351 uel
824 1310 956 1352 camarae
974 1293 1055 1352 ruina
1070 1309 1137 1370 per·

135 1379 207 1451 iret,
233 1384 412 1435 commentus
429 1375 603 1453 est‚latque
615 1375 656 1436 'ita
673 1375 911 1436 reconciliatione
929 1376 1073 1452 simulata,
1095 1377 1137 1436 iu·

137 1459 317 1522 cundissimis
331 1458 436 1520 litteris
445 1457 530 1520 Baias
545 1461 679 1520 evocavit
693 1459 729 1520 ad
747 1458 897 1520 sollemnia
909 1461 1139 1538 Quinquatruum

137 1545 220 1604 simul
236 1543 424 1612 celebranda;
453 1543 579 1622 datoque
599 1545 720 1620 negotio
739 1544 924 1622 trierarchis,
947 1545 995 1624 qui
1019 1543 1175 1610 liburni-15

64 1641 65 1644 ’
137 1646 200 1690 cana
221 1645 276 1707 qua
294 1627 422 1688 advecta
434 1637 495 1688 erat
511 1627 591 1688 velut
606 1628 724 1706 fortuito
743 1645 886 1688 concursu
904 1629 1138 1706 confringerent,

136 1712 281 1794 protraxit
297 1712 476 1788 convivium,
501 1713 704 1790 repetentique
719 1711 828 1772 Baulos
851 1713 880 1771 in
895 1713 993 1775 locum
1007 1713 1139 1790 corrupti

136 1798 245 1874 navigit
239 1796 456 1856 machinosum
468 1758 540 1855 'illut
562 1795 682 1874 optulit,
703 1794 794 1856 hilare
811 1807 986 1874 prosecutus
1001 1805 1089 1875 atque
1108 1797 1139 1872 iu

54 1883 271 1970 digressu
293 1880 418 1958 papillas
444 1897 560 1958 quoque
587 1879 783 1940 exosculatus.
816 1880 970 1960 Reliquum
995 1880 1139 1958 temporis

138 1983 202 2025 oum
216 1981 320 2040 magna
334 1965 528 2042 trepidatione
545 1963 690 2040 vigilavit,
713 1965 872 2042 opperiens
890 1974 1060 2044 coeptorum
1074 1964 1137 2022 exi·
1149 1985 1177 2026 ac

7 2088 12 2102 ι
38 2105 48 2117 ,,
137 2059 205 2108 turn.
237 2047 295 2106 Sed
307 2057 336 2106 ut
348 2047 462 2108 diversa
479 2049 571 2109 omnia
589 2047 744 2126 nandoque
756 2049 887 2108 evasisse
903 2067 966 2109 eam
982 2049 1138 2126 comperit,

137 2135 224 2210 inops
244 2131 358 2190 consilii
374 2131 405 2191 L.
421 2131 581 2208 Agerinum
597 2131 730 2192 libertum
753 2133 831 2208 eius,
853 2133 962 2192 salvam
980 2141 1009 2192 et
1023 2131 1136 2192 incolu-

137 2234 212 2274 rnem
229 2231 292 2272 cunr
306 2215 412 2290 gaudio
430 2216 620 2293 nuntiantem,
641 2215 757 2275 abiecto
781 2215 855 2276 clam
869 2219 947 2276 iuxta
963 2217 1092 2296 pugione
1108 2223 1140 2275 ut

138 2314 344 2378 percussorem
359 2299 413 2359 sibi
428 2298 614 2360 subornatum
628 2301 716 2378 arripi
735 2301 953 2379 constringique
971 2301 1062 2376 iussit,
1076 2317 1137 2360 rna·

79 2427 86 2445 .
138 2393 211 2443 trem
227 2381 336 2459 occidi,
359 2401 440 2463 quasr
434 2382 667 2461 deprehensum
683 2385 791 2442 crimen
804 2385 967 2444 voluntaria
983 2392 1077 2444 morte
1096 2385 1136 2443 vi·
1148 2409 1178 2450 ιι

106 2471 238 2527 ’.ιιιεοι
267 2465 476 2527 Addunturhis
496 2469 658 2543 atrociora,
680 2485 736 2528 uec
754 2469 873 2528 incertis
896 2451 1076 2529 auctoribus:
1087 2466 1139 2526 ad

77 2539 287 2612 fvtsentum
300 2552 472 2616 interiectae
487 2550 613 2611 cadaver
633 2553 812 2629 accurrisse,
834 2561 1032 2612 contrectasse
1048 2569 1137 2612 mem-

138 2636 202 2711 bra,
216 2634 272 2694 alia
285 2635 477 2714 vituperasse,
494 2635 549 2694 alia
566 2634 712 2712 laudasse,
726 2636 831 2714 sitique
846 2637 959 2696 interim
974 2636 1079 2696 oborta
1093 2636 1138 2694 hi-

52 2759 54 2766 ι
139 2718 228 2791 bisse.
255 2717 359 2797 Neque
374 2729 469 2780 tamen
484 2721 691 2780 conscientiam
706 2719 838 2798 sceleris,
855 2737 1024 2800 quamquam
1040 2729 1070 2778 et
1084 2721 1138 2779 mi-

139 2803 218 2862 litum
238 2811 268 2861 et
282 2812 404 2863 senatus
412 2803 571 2883 populique
587 2803 824 2902 gratulatiopibus
839 2806 1069 2882 confirmaretur,
1087 2812 1137 2863 aut
1150 2827 1180 2870 so

139 2882 233 2947 statim
249 2895 296 2946 aut
311 2904 442 2964 umquam
456 2896 560 2966 postea
575 2887 653 2946 ferre
672 2887 771 2966 potuit,
787 2906 877 2966 saepe
896 2889 1050 2948 confessus
1065 2905 1137 2947 exa·

74 3007 76 3010 -
139 2970 224 3048 gitari
244 2988 276 3029 se
299 2979 427 3032 materna
447 2972 548 3050 specie
568 2970 798 3050 verberibusque
814 2969 962 3033 Furiarum
984 2990 1019 3031 ac
1040 2971 1138 3032 taedis

140 3052 314 3115 ardentibus.
344 3055 418 3130 Quin
434 3065 462 3114 et
475 3055 553 3115 iacto
570 3055 736 3134 perhlagos
750 3073 835 3116 sacro
850 3074 976 3118 evocare
988 3055 1092 3116 llanes
1102 3065 1139 3115 et

140 3155 264 3198 exorare
279 3140 439 3218 temptauit.
471 3139 708 3238 Peregrinatione
724 3140 837 3238 quidem
850 3140 993 3202 Graeciae.
1006 3149 1035 3202 et
1046 3139 1138 3200 Eleu·
1161 3197 1168 3208 ,

140 3223 209 3281 sinis
225 3222 334 3299 sacris,
355 3241 476 3300 quorum
492 3224 648 3283 initiatione
664 3224 743 3301 itnpii
759 3234 787 3284 et
804 3224 943 3284 scelerati
958 3241 1034 3284 uoce
1050 3241 1137 3303 prae·
1149 3243 1184 3284 as

142 3309 223 3364 conis
239 3315 466 3382 summoventur,
483 3308 624 3368 interesse
640 3324 698 3367 non
717 3326 804 3372 ausus
819 3317 912 3368 est
1040 3361 1042 3368 .

204 3389 297 3449 lunxit
313 3389 469 3468 parricidio
480 3393 577 3450 matris
594 3392 695 3450 amitae
710 3409 823 3452 necem.
851 3393 942 3467 Quam
955 3411 1019 3454 carn
1033 3411 1072 3452 ex
1088 3373 1139 3453 dh·

140 3471 204 3529 rltie
220 3471 278 3531 alvi
293 3471 445 3534 cubantem
462 3473 605 3550 visitaret,
624 3484 653 3533 et
671 3474 719 3535 illa
738 3485 863 3538 tractans
878 3477 1140 3554 lanuginemeius,
