2416 3876
292 199 571 250 nnruuomonmr
591 197 775 248 nmnoauu
797 196 999 258 supremae.
1088 185 1149 249 309

140 356 326 433 rediguntur,
354 354 475 415 sublatis
507 356 550 430 ia,
575 354 707 432 adposita
729 353 873 430 elittera,
903 352 1041 432 quidquid
1061 352 1150 414 inerit

72 463 75 467 ·
142 439 401 520 respondebimus,
425 447 455 498 ut
470 437 636 517 specularia
652 437 818 518 speculare,
845 436 984 496 cocliaria
1008 437 1147 498 cocliare.

204 523 283 584 Inter
297 523 354 584 hoc
369 531 398 582 et
415 522 490 601 huo]
509 521 566 582 hoo
582 539 744 601 pronomen
761 519 911 581 masculini
933 529 962 580 et
988 522 1081 581 neutri
1095 538 1147 598 ge·

142 609 222 669 neris
240 623 325 668 casus
341 605 500 682 ablativus,
515 606 572 665 huc
590 605 758 667 adverbium
774 614 819 666 est
833 605 902 665 loci.
941 603 1001 665 Sed
1015 604 1149 665 videntur

116 708 131 750 c
143 709 243 754 errare
259 691 308 771 qui
321 691 379 751 hoc
394 689 563 751 adverbium
577 690 638 750 loci
650 698 750 768 putant
759 689 1030 769 esse,[quamquam
1042 689 1148 748 dixerit

141 776 297 854 Virgilius:
324 775 385 836 tuo
403 775 478 837 illuc
499 773 671 836 piaclorum
692 773 824 834 inmissa
845 772 1004 833 columina
1017 773 1147 850 vereat]

143 859 255 934 Quodsi
270 859 328 919 lroc
342 858 511 919 adverbium
524 867 569 918 est
584 857 662 934 loci,
679 856 813 918 dicimus:
833 857 910 936 quod
927 866 972 916 est
986 873 1147 936 pronomen

141 945 173 1005 id
190 945 245 1005 erit
260 942 436 1004 adverbium.

207 1027 287 1088 luter
301 1027 442 1086 oliensam
458 1033 488 1085 et
502 1024 706 1104 offensionem]
727 1024 839 1085 offensa
853 1038 958 1084 nomen
974 1032 1019 1084 est
1035 1025 1087 1101 rei,
1105 1024 1147 1083 ol·

103 1137 134 1180 ιο
144 1113 239 1172 lensio
256 1111 377 1189 culpae,
391 1119 536 1188 tamquam
549 1119 617 1170 uota
633 1119 662 1170 et
677 1109 801 1178 notatim
818 1117 885 1168 nota
898 1110 973 1168 euim
987 1124 1093 1168 nomen
1105 1109 1148 1168 rei

144 1205 207 1272 est,
221 1197 331 1254 notatio
350 1196 427 1254 actio
443 1194 578 1253 notantis.
928 1203 938 1222 ·

206 1278 285 1339 lnter
305 1285 418 1357 patrem
438 1286 469 1337 et
489 1277 651 1355 parentem]
683 1285 768 1356 pater
793 1285 838 1337 est
859 1276 979 1336 alicuius
995 1275 1025 1352 *,
1042 1291 1147 1354 parens

30 1406 32 1410 -
143 1364 193 1424 vel
208 1362 354 1423 masculus
378 1361 427 1421 vel
448 1360 568 1429 lemine:
592 1360 669 1439 quod
685 1361 760 1420 inter
781 1361 935 1438 coniugem
951 1369 980 1419 et
1000 1361 1091 1418 virum
1107 1360 1147 1417 in-

1 1493 2 1496 *
142 1456 253 1520 terent,
269 1445 327 1505 hoc
340 1446 416 1505 inter
437 1455 588 1524 parentem
611 1454 640 1504 et
657 1453 789 1523 patrem:
810 1445 915 1504 coniux
935 1452 1057 1520 uterque
1078 1444 1146 1503 dici·

1 1547 2 1552 ’
104 1553 133 1592 rc
144 1527 210 1609 tbr,
226 1530 271 1589 vir
286 1530 333 1608 qui
348 1530 464 1588 maritus
481 1537 535 1586 est,
584 1527 626 1588 lta
649 1537 678 1587 et
698 1546 804 1606 parens
820 1537 962 1607 uterque,
979 1525 1053 1586 alter
1070 1526 1149 1607 quod

144 1632 232 1676 causa
248 1614 283 1672 sit
297 1622 414 1692 partus,
431 1612 507 1672 alter
523 1613 601 1692 quod
616 1611 748 1690 pariendi
762 1610 869 1671 habeat
881 1612 1038 1670 materiam.

207 1697 285 1758 lnter
313 1697 392 1757 velle
425 1700 456 1755 et
483 1696 604 1775 cupere]
629 1698 677 1774 qui
698 1694 760 1756 vult
781 1712 839 1755 non
866 1695 964 1773 cupit,
998 1694 1047 1772 qui
1068 1696 1148 1775 cupit

143 1783 231 1843 etiam
245 1781 316 1840 vult.

206 1864 260 1924 llic
281 1881 317 1924 an
341 1863 417 1923 haec
432 1862 524 1941 grex]
550 1878 751 1942 quaecumque
775 1861 977 1938 monosyllaba
1007 1870 1147 1938 correpta

104 1949 309 2014 aodniunturx
333 1947 448 2020 littera,
470 1946 605 2006 feminina
622 1954 687 2006 sunt
703 1955 747 2006 ut:
766 1948 816 2005 nix
830 1948 881 2025 pix
896 1963 954 2006 nux
976 1963 1048 2006 crux
1061 1963 1145 2024 grex.

208 2030 361 2111 Conplicui
377 2048 413 2090 an
431 2030 615 2109 conplicari]
632 2029 777 2108 triplicari
793 2038 823 2091 et
836 2030 1074 2110 quadruplicari,
1090 2047 1146 2088 non

141 2116 269 2197 triplicui
286 2123 315 2176 et
329 2114 529 2193 quadruplicui
552 2131 607 2173 nec
626 2114 788 2192 conplicui,
815 2123 844 2174 et
865 2131 921 2174 nee
937 2113 1057 2174 dicimus
1078 2131 1146 2173 con·

1 2204 2 2252 3
97 2271 101 2275 ,
141 2200 226 2280 plicit
241 2198 295 2260 sed
309 2198 465 2277 conplicat.

206 2281 330 2344 'Duobus
347 2291 376 2341 et
390 2279 543 2359 ambobus}
567 2279 657 2340 ambis
673 2282 697 2340 si
713 2281 885 2358 dixerimus,
900 2279 1032 2360 ambigua
1048 2290 1094 2340 est
1109 2284 1146 2341 si·

1 2353 2 2378 ¹
105 2385 133 2427 rc
145 2367 308 2446 pnidcatic;
325 2365 389 2426 duis
406 2382 499 2444 aeque
517 2364 592 2426 aliud
607 2365 781 2442 significabit
796 2366 873 2445 quod
894 2374 939 2425 est
955 2364 991 2424 de
1012 2365 1082 2432 situ;
1104 2365 1146 2424 iu-

144 2451 280 2529 giendum
303 2448 387 2510 nobis
410 2458 455 2508 est
477 2448 534 2509 hoc
554 2447 650 2509 vitiurn
666 2450 869 2526 ambiguitatis.
896 2445 978 2508 Nunc
996 2449 1082 2508 etiam
1096 2467 1145 2508 ne·

145 2553 233 2595 cesse
256 2543 302 2594 est
314 2533 397 2593 nobis
420 2541 455 2592 u„
470 2531 597 2592 dicamus
613 2531 668 2592 bos
684 2533 758 2608 duo,
778 2535 844 2612 quia
859 2533 884 2591 si
902 2532 1057 2592 dixerimus
1074 2533 1146 2592 duos

143 2619 230 2681 locos
245 2617 337 2693 talos,
352 2632 478 2676 necesse
493 2624 538 2675 est
553 2616 652 2676 dicere
667 2615 729 2676 duis
746 2615 864 2675 elambi
879 2624 909 2675 ut
925 2615 1006 2686 mali;
1028 2617 1072 2676 sic
1087 2616 1145 2676 adi·

145 2704 255 2762 ciemus
277 2703 334 2761 duo
357 2710 386 2760 et
407 2699 508 2776 ambo,
526 2709 556 2758 ut
572 2699 627 2760 duo
643 2698 755 2760 duobus
771 2708 800 2759 et
815 2698 898 2759 ambo
917 2697 1068 2760 ambobus.

2 2793 3 2846 i
106 2801 135 2844 ac
209 2785 295 2846 Ficus
312 2803 347 2845 an
362 2784 447 2863 lioos]
466 2783 538 2844 dous
560 2769 699 2861 arbores,
721 2784 793 2844 iicos
812 2799 897 2862 poma
919 2783 1055 2861 dicimus,
1075 2773 1147 2844 licus

2 2873 4 2930 i
51 2951 54 2958 r
144 2879 289 2948 tamquam
304 2885 505 2943 manusanus,
528 2867 757 2948 docstamquam
773 2867 866 2928 iavos.

209 2953 346 3013 Decurrit
361 2969 396 3011 an
413 2951 576 3012 decucurrit
589 2961 671 3012 recte
686 2952 825 3031 dicamus]
840 2969 874 3011 ea
888 2970 962 3032 quae
976 2951 1147 3029 geminanda

147 3036 338 3097 eruntverba(
346 3036 486 3113 temporis
499 3035 673 3113 praesentis,
690 3037 848 3114 praeterito
857 3035 1145 3116 temporeunamsvl·

145 3120 241 3181 labam
256 3120 411 3197 accipient,
428 3126 569 3197 tamquam
585 3121 672 3178 currit
686 3121 820 3196 cucurrit,
836 3119 962 3199 spondet
976 3120 1144 3198 spopondit.

107 3213 136 3258 ac
148 3203 187 3264 dt
202 3221 266 3264 cum
287 3201 466 3281 praepositio
482 3203 659 3278 accesserit,
681 3203 805 3281 perdent
827 3203 984 3279 syllabam,
1002 3212 1145 3283 tamquam

147 3288 339 3348 decurritnon
352 3286 527 3360 decucurrit,
537 3294 565 3345 et
575 3285 731 3365 despondit
745 3303 802 3346 non
811 3285 1015 3367 despopondit.
1032 3285 1096 3347 Hoc
1107 3289 1144 3348 ita

146 3389 247 3432 verum
261 3372 327 3446 erit,
343 3369 367 3428 si
379 3385 437 3428 nou
452 3368 651 3449 plusquamV.
660 3370 804 3449 accipient
818 3371 1067 3450 praepositionem
1080 3389 1144 3431 nam

147 3472 211 3514 oum
227 3455 264 3514 sit
277 3451 406 3531 mordet,
433 3461 462 3512 et
476 3451 546 3514 iacit
560 3452 713 3514 momordit
729 3471 785 3514 uec
799 3462 893 3515 tamen
908 3455 978 3515 iacit
992 3453 1143 3517 demordit.
