2412 3876
120 128 163 191 so
210 139 240 188 c.
257 139 406 189 susrous
421 140 548 202 unaue.
565 141 615 188 os
628 139 711 190 uuus
727 138 912 188 consonum
927 140 996 188 uus.
1012 141 1049 214 11,

120 293 214 375 tlpllci
230 295 364 372 flagravit
383 295 500 358 invidia.
540 294 613 356 Nam
637 304 665 355 et
680 295 824 356 Pinarium
843 295 971 376 equitem
987 295 1024 356 R.
1053 313 1134 372 euru,

121 380 308 442 contionante
320 397 354 440 se
366 380 490 456 admissa
503 379 584 439 turba
598 397 786 460 paganorum,
800 377 876 458 apud
886 377 990 440 milites
999 378 1132 438 subscri-

119 463 192 524 bere
208 462 349 542 quaedam
364 464 630 538 animadvertisset,
647 464 791 524 curiosum
803 481 838 524 ac
852 462 1070 542 speculatorem
1085 482 1133 524 ra-

119 557 183 626 tus,
207 564 306 608 coram
329 548 446 610 confodi
465 548 631 626 imperavit;
657 556 686 607 et
709 547 829 609 Tedium
849 545 952 606 Afrum
977 547 1133 607 consulem

120 631 318 710 designatum,
347 633 413 710 quia
433 631 541 692 iactum
563 629 705 708 quoddam
731 650 812 692 suum
836 631 964 708 maligno
990 648 1129 704 sermone
1154 651 1166 690 s

120 717 296 794 carpsisset,
314 717 400 776 tantis
417 717 575 776 conterruit
590 715 685 793 minis,
701 723 731 774 ut
745 717 770 774 is
783 733 816 774 se
829 715 1084 794 praecipitaverit;
1102 723 1133 775 et

119 800 253 876 Quintum
275 798 397 862 Gallium
421 809 604 878 praetorem,
628 801 657 860 iu
679 799 777 862 officio
801 799 980 862 salutationis
1001 799 1132 860 tabellas

119 884 252 962 duplices
267 892 351 944 veste
367 893 460 944 tectas
476 893 637 960 tenentem,
655 885 818 964 suspicatus
834 879 960 961 gladium
977 884 1130 960 occulere,

118 987 173 1028 nec
190 967 343 1046 quidquam
359 969 468 1046 statim,
490 986 527 1028 ue
553 968 629 1028 aliud
645 969 838 1047 inveniretur,
860 984 947 1030 ausus
966 970 1129 1046 inquirere,

118 1052 205 1131 paulo
223 1059 290 1130 post
304 1069 358 1129 per
372 1051 557 1112 centuriones
574 1061 603 1112 et
619 1053 724 1112 milites
738 1049 852 1130 raptum
868 1070 885 1116 e
900 1050 1045 1130 tribunali,
1063 1070 1164 1120 ser-10

117 1135 205 1195 vilem
221 1137 249 1193 in
269 1133 384 1194 modum
404 1135 489 1195 torsit
511 1154 547 1196 ac
561 1135 701 1198 latentem
722 1135 792 1197 nihil
814 1135 897 1197 iussit
913 1135 1022 1214 occidi,
1046 1135 1130 1215 prius

118 1217 212 1278 oculis
227 1219 289 1278 eius
308 1236 360 1278 sua
374 1237 458 1279 manu
474 1219 607 1290 effossis;
631 1237 717 1298 quem
737 1229 833 1280 tamen
848 1219 949 1300 scribit
965 1214 1129 1298 conloquio

118 1303 208 1383 petito
231 1300 394 1362 insidiatum
415 1301 471 1362 sibi
493 1305 714 1384 coniectumque
734 1305 753 1364 a
773 1323 806 1364 se
827 1305 856 1364 in
875 1303 1052 1380 custodiam,
1077 1302 1127 1363 de·

117 1386 183 1445 inde
203 1384 275 1446 urbe
296 1385 447 1448 interdicta
474 1387 635 1464 dimissum,
658 1388 809 1469 naufragio
833 1387 882 1448 vel
898 1388 1044 1449 latronum
1058 1388 1128 1448 insi·

117 1470 172 1530 diis
190 1471 314 1548 perisse.
353 1469 548 1533 Tribuniciam
568 1481 743 1551 potestatem
759 1480 930 1552 perpetuam
947 1472 1080 1550 recepit,
1098 1473 1127 1548 in
1137 1496 1161 1538 15

117 1571 172 1634 qua
190 1554 281 1614 semel
296 1563 384 1633 atque
399 1556 501 1616 iterum
525 1574 579 1634 per
596 1557 711 1634 singula
733 1556 823 1617 lustra
842 1556 989 1634 collegam
1004 1555 1060 1618 sibi
1077 1574 1126 1616 eo-

117 1639 238 1717 optavit.
271 1639 397 1717 Recepit
413 1649 442 1700 et
457 1657 568 1702 morum
583 1640 741 1724 legumque
754 1641 888 1718 regimen
906 1658 1000 1722 aeque
1017 1658 1127 1720 perpe·

115 1733 208 1800 tuum,
232 1740 288 1801 quo
313 1725 391 1802 iure,
419 1739 591 1808 quamquam
613 1725 677 1787 sine
693 1743 833 1786 censurae
850 1723 983 1802 honore,
1007 1741 1127 1784 censum

115 1815 211 1868 tamen
227 1807 330 1890 populi
344 1816 389 1871 ter
404 1810 481 1888 egit:
504 1813 624 1890 primum
640 1829 675 1872 ac
695 1811 810 1870 tertium
826 1827 890 1869 cnm
907 1808 1042 1887 collega,
1065 1825 1125 1870 me·

116 1891 191 1956 dium
207 1895 297 1955 solus.
1133 1913 1159 1956 m

72 1989 109 2044 28
187 1979 232 2038 De
249 1977 397 2045 reddenda
412 1997 446 2038 re
459 1997 488 2057 p.
504 1978 549 2039 bis
562 1980 717 2058 cogitavit:
734 1979 855 2058 primum
868 1986 936 2057 post
949 1995 1126 2062 oppressum

124 2063 219 2123 statim
233 2061 404 2138 Antonium,
420 2081 530 2124 memor
546 2063 691 2126 obiectum
706 2062 761 2122 sibi
777 2062 813 2123 ab
830 2079 866 2122 eo
883 2063 1017 2141 saepius,
1041 2061 1126 2142 quasi

117 2165 170 2226 per
185 2149 279 2224 ipsum
297 2155 388 2206 staret
409 2165 445 2206 ne
468 2147 653 2218 redderetur;
676 2165 712 2208 ac
733 2165 834 2208 rursus
855 2145 951 2209 taedio
975 2145 1125 2211 diuturnae

116 2229 296 2306 valitudinis,
319 2249 383 2290 cum
405 2232 490 2291 etiam
504 2232 720 2308 magistratibus
741 2249 777 2292 ac
798 2239 899 2291 senatu
916 2230 1032 2290 domum
1046 2231 1123 2290 acci·

115 2315 152 2374 tis
167 2315 353 2374 rationarium
367 2316 480 2392 imperii
495 2315 619 2377 tradidit.
646 2316 706 2377 Sed
718 2323 873 2394 reputans,
890 2323 920 2374 et
935 2315 1158 2396 captivaturum

110 2416 173 2464 non
192 2400 253 2458 sine
269 2399 403 2478 periculo
418 2398 483 2459 iore
500 2408 529 2458 et
545 2399 624 2460 illam
640 2401 763 2480 plurium
777 2399 898 2460 arbitrio
914 2407 1025 2458 temere
1044 2416 1124 2460 com·

113 2484 201 2560 mitti,
219 2485 248 2542 in
266 2482 416 2543 retinenda
433 2485 648 2562 perseveravit,
665 2483 796 2560 dubium,
819 2491 926 2544 eventu
945 2482 1070 2544 meliore
1087 2501 1123 2550 an

114 2567 274 2627 voluntate.
307 2567 398 2642 Quam
412 2566 603 2644 voluntatem,
626 2586 689 2628 cum
705 2585 775 2647 prae
798 2585 830 2627 se
847 2565 1003 2628 identidem
1019 2565 1122 2644 ferret,

115 2649 240 2728 quodam
256 2651 342 2710 etiam
354 2652 449 2712 edicto
465 2651 509 2712 his
525 2652 624 2713 verbis
636 2661 758 2712 testatus
773 2661 836 2712 est:
851 2644 904 2711 Ita
914 2649 990 2712 mibi
998 2651 1123 2712 ealcum

114 2749 155 2793 cc
176 2735 324 2812 sospitem
340 2753 451 2814 remp.
472 2737 583 2796 sistere
602 2736 634 2798 a'n
652 2753 714 2797 cmm
728 2734 802 2796 sede
818 2735 926 2811 liceat,
944 2742 1036 2816 atqua
1051 2735 1156 2801 -et'usm

112 2819 161 2878 rei
171 2815 308 2894 fructum
319 2820 501 2898 percipere,
518 2839 605 2901 quem
616 2827 705 2899 peto,
722 2828 757 2880 ut
771 2819 878 2900 optimi
893 2825 995 2890 etuias
1011 2825 1123 2886 auctor

113 2901 220 2979 dicor,
238 2908 267 2963 et
280 2903 414 2964 moriens
428 2911 463 2966 ut
474 2903 577 2982 ferum
591 2923 708 2968 mecum
722 2921 825 2984 spera,
847 2920 1000 2964 mansuro
1021 2904 1054 2967 in
1068 2921 1119 2964 ec·

65 2989 68 2993 ’
110 2986 203 3065 stiqio
224 3003 281 3047 suo
302 2985 507 3064 fundamenta
528 2988 624 3067 reip.
648 3007 729 3068 quoe
750 2989 862 3050 iecere.
897 2985 1039 3066 Fecitque
1054 2987 1120 3066 ipse

55 3119 57 3123 .
112 3088 145 3130 se
161 3079 327 3149 compotem
351 3073 427 3150 voti,
449 3073 527 3133 uisus
550 3073 746 3151 omnimodo,
767 3091 804 3132 ne
826 3089 912 3150 quem
935 3071 1005 3132 novi
1029 3079 1119 3134 status

112 3156 285 3235 paeniteret.
1009 3189 1010 3194 κ
1126 3179 1151 3220 sc

176 3239 301 3318 Urbem,
318 3257 413 3318 neque
430 3257 483 3319 pro
500 3241 650 3304 maiestate
671 3242 786 3322 imperii
807 3251 938 3308 ornatam
953 3251 983 3302 et
1001 3235 1129 3304 inundo?

110 3323 239 3384 tionibus
262 3323 462 3402 incendiisque
483 3324 654 3406 obnoxium,
677 3327 807 3390 excoluit
825 3326 919 3404 adeo,
941 3333 972 3386 ut
994 3325 1056 3388 iure
1080 3327 1117 3386 sit
1187 3329 1189 3334 '

110 3407 268 3487 gloriatus,
283 3425 492 3472 marmoream
511 3427 547 3470 se
559 3409 749 3492 relinquere,
766 3428 860 3494 quom
874 3409 1049 3497 latericiam
1065 3428 1116 3472 uc-
