2444 3872
124 163 182 221 itt
209 151 243 220 cl
256 171 406 222 sunuoru
424 170 554 230 numo.
569 170 617 216 un
632 169 716 216 mus
731 166 915 216 chessuim
930 165 999 211 ure.
1012 163 1077 211 1111.

120 342 212 406 quom
227 343 324 404 seque
336 324 413 386 arob
423 323 558 404 secer-M
584 322 714 384 Threces
737 319 877 404 quosdam
891 317 1041 380 Germanis
1058 333 1120 377 cor·
1193 399 1194 402 Ἴ

120 409 202 554 liris
215 401 1120 552 ittttiittttfflttelffitlttttmttztt‘i
1193 415 1194 418 Ὗ

120 577 237 657 plagam
262 575 383 653 addidit,
412 536 553 654 quod’err
578 592 614 634 eo
641 571 840 634 Columbinum
863 531 1037 650 appellarim
1061 569 1122 649 (sie

122 669 203 721 certe
223 661 298 720 inter
313 659 368 720 alia
386 676 500 720 venena
519 659 658 737 scriptum
683 657 719 718 ab
743 674 780 716 eo
804 663 952 733 repertum
973 653 1034 733 est)
1057 670 1143 732 pra-s

121 746 203 805 sinae
216 743 335 804 factioni
349 745 389 803 ita
408 741 540 803 addictus
555 750 585 802 et
596 741 725 818 deditus,
755 749 787 800 ut
805 747 943 822 caenaret
956 739 985 797 in
1007 736 1121 798 stabulo

121 828 236 889 assidue
251 836 280 886 et
293 834 432 888 maneret.
469 826 613 904 Agitatori
631 823 764 900 Eutycho
781 823 986 883 comissatione
1001 820 1122 901 quadam
1195 888 1199 897 Ι

120 913 151 972 in
178 910 368 990 apophoretis
393 911 677 992 vicies-sestertium
705 906 835 969 eontulit.
878 904 1001 967 Incitato
1034 922 1120 984 equo,

123 996 202 1056 cuius
224 1012 311 1054 causa
331 992 424 1073 pridie
444 995 609 1069 circenses,
638 1011 675 1052 ne
690 993 912 1070 inquietaretur,
942 991 1066 1050 viciniae
1083 991 1121 1048 si-

121 1077 238 1138 lentium
259 1095 314 1156 per
336 1077 441 1137 milites
467 1077 596 1138 indicere
622 1074 752 1151 solebat,
778 1081 898 1154 praeter
925 1072 1022 1153 equile
1048 1091 1155 1139 mar-10

120 1177 250 1220 morsum
264 1168 295 1219 et
315 1177 461 1238 praesepe
486 1160 643 1220 eburneum
667 1166 843 1239 praeterque
870 1175 1018 1237 purpurea
1037 1165 1120 1234 tegu-
1208 1219 1210 1248 ,

121 1252 215 1303 menta
240 1261 275 1303 ac
297 1242 413 1302 monilia
438 1260 455 1302 e
476 1245 616 1321 gemmis,
649 1242 762 1304 domum
782 1243 865 1302 etiam
882 1247 912 1300 et
936 1241 1072 1302 familiam
1092 1249 1122 1300 et
1208 1273 1211 1306 t

122 1325 333 1405 supellectilem
347 1324 440 1402 dedit,
471 1344 528 1406 quo
544 1326 647 1387 lautius
662 1328 775 1388 nomine
795 1326 858 1386 eius
874 1325 986 1386 inritati
1005 1326 1120 1404 accipe·
1209 1325 1212 1394 j

122 1416 234 1478 rentum
267 1407 443 1470 consulatum
460 1428 576 1489 quoque
591 1410 710 1472 traditur
726 1410 897 1471 destinasse.
1211 1423 1212 1432 ¹

80 1499 114 1554 ⁶6
186 1490 228 1553 lta
253 1491 440 1554 bacchantem
467 1503 553 1574 atque
575 1502 756 1571 grassantem
780 1509 838 1554 non
860 1492 951 1554 defuit
972 1492 1156 1573 plerisquess

123 1577 231 1636 animus
257 1570 370 1638 adoriri.
414 1577 473 1638 Sed
496 1596 552 1638 una
575 1577 725 1657 alteraque
752 1578 967 1656 conspiratione
994 1575 1121 1654 detecta,
1213 1605 1214 1648 r

123 1659 186 1720 aliis
215 1678 270 1739 per
300 1660 424 1739 inopiam
451 1663 614 1723 occasionis
642 1659 859 1738 cunctantibus,
885 1660 940 1722 duo
971 1660 1122 1721 consilium
1214 1713 1215 1720 ,

123 1745 402 1804 communicaverunt
420 1745 682 1825 perfeceruntque,
709 1762 767 1807 non
788 1746 851 1807 sine
872 1745 1050 1805 conscientia
1069 1761 1122 1824 po·

122 1828 343 1888 tentissimorom
369 1827 538 1890 libertorum
565 1829 838 1909 praefectorumque
867 1829 1010 1908 praetori;
1044 1827 1123 1908 quod

121 1911 178 1988 ipsi
199 1927 313 1990 quoque
337 1913 393 1971 etsi
416 1911 490 1973 falso
511 1914 540 1973 iu
561 1912 682 1992 quadam
709 1913 908 1974 coniuratione
930 1913 1012 1992 quasi
1033 1912 1158 1991 parti-eo
1216 1929 1217 1936 ¹

122 1995 204 2072 cipes
227 1995 375 2071 nominati,
407 2005 561 2077 suspectos
584 2004 679 2058 temen
704 2015 737 2058 se
766 2005 796 2057 et
815 1997 927 2059 invisos
948 1995 1122 2057 sentiebant.

121 2075 193 2136 Nam
213 2085 242 2134 et
269 2077 362 2138 statim
391 2077 519 2140 seductis
543 2097 675 2158 magnam
704 2081 776 2142 iecit
803 2080 954 2158 insidiam,
980 2079 1122 2142 destricto

120 2157 219 2234 gladio
246 2159 389 2221 affirmans
415 2168 524 2240 sponte
545 2181 580 2224 se
602 2163 791 2243 peritorum,
823 2165 855 2226 ss·
878 2170 909 2226 et
934 2163 999 2227 illie
1023 2171 1124 2226 morte

121 2239 232 2337 sliquos
244 2240 415 2321 videretur,
444 2262 501 2306 nec
522 2249 648 2307 cessavit
662 2265 701 2308 ex
720 2265 757 2308 eo
778 2249 922 2309 criminari
939 2249 1060 2310 alterum
1080 2247 1122 2309 nl·
1216 2319 1217 2326 ἵ

120 2331 174 2382 terr
188 2331 273 2402 atqrm
287 2325 360 2385 inter
372 2345 404 2387 se
420 2331 511 2389 omnis
526 2333 713 2392 committere.
1133 2357 1160 2399 ss
1216 2343 1217 2372 ³

181 2405 251 2466 Cum
273 2406 432 2487 placuisset
447 2410 583 2474 Palatinis
605 2414 679 2476 ludis
700 2415 871 2494 spectaculo
894 2433 1047 2495 egressum
1061 2433 1140 2476 me·-

119 2489 190 2550 ridie
209 2490 345 2569 adgredi,
374 2497 481 2574 primas
503 2497 557 2557 sibi
580 2507 679 2578 partes
696 2498 815 2561 cassius
835 2498 968 2562 Chaerea
989 2498 1124 2560 tribunos

119 2573 248 2635 cohortis
270 2579 434 2654 praetoriae
456 2577 645 2660 depoposcit,
673 2602 758 2663 quem
779 2583 867 2647 Gaius
891 2585 1039 2646 seniorem
1065 2585 1124 2644 iem
1216 2647 1217 2658 ,

118 2664 148 2714 ιιι
163 2657 280 2718 mollem
292 2668 322 2720 et
336 2661 529 2725 cheminatum
544 2664 684 2727 denotare
701 2669 779 2728 omni
793 2668 904 2748 probro
920 2677 1076 2730 consuerat
1091 2675 1123 2727 et
1215 2661 1217 2718 l

117 2737 204 2798 modo
220 2741 332 2818 signum
346 2747 456 2823 petenti
475 2747 641 2828 Priapum
662 2758 709 2810 aut
728 2753 908 2814 Venerem
929 2752 1015 2830 dare,
1030 2751 1120 2813 modo
1133 2775 1161 2818 so

118 2820 271 2902 exaliqua
296 2841 383 2888 causa
404 2831 501 2909 agenti
524 2834 633 2910 gratias
659 2832 843 2898 osculandam
869 2853 981 2898 manum
1009 2837 1121 2899 ollerre

117 2903 268 2966 formatam
283 2920 510 2994 commotamque
523 2917 552 2976 in
567 2917 723 2978 obscenum
738 2917 860 2980 modum.

75 2992 109 3048 st
180 2987 305 3051 Futurae
322 2994 419 3058 caedis
443 2997 530 3060 multa
549 3000 683 3080 prodigia
705 2992 869 3064 extiterunt.
905 3004 1058 3084 Olympiae
1081 3007 1120 3066 si·

116 3071 272 3134 mulacrum
288 3075 382 3157 lovis,
411 3081 489 3162 quod
503 3080 624 3146 dissolvi
639 3084 849 3167 transferrique
862 3087 985 3150 Romam
999 3087 1120 3167 placue-

115 3162 184 3254 rat,
207 3165 313 3221 tautum
342 3163 508 3226 cachinnum
536 3177 658 3248 repente
686 3166 788 3248 edidit,
818 3181 850 3231 ut
872 3172 1012 3233 machinis
1037 3170 1120 3233 labe·
1132 3178 1162 3232 'ns

115 3236 200 3334 iactis
222 3243 344 3322 opifices
367 3247 544 3327 diffugerint:
577 3254 803 3332 superuenitque
824 3255 892 3317 ilico
915 3254 1029 3336 quidam
1047 3254 1121 3318 cas-

115 3337 177 3458 pius
194 3327 324 3429 nomine,
351 3331 459 3430 iussum
482 3352 514 3393 se
536 3338 649 3397 somnio
669 3336 814 3400 affirmans
834 3340 983 3402 immolare
1007 3349 1121 3428 taurum

130 3417 186 3461 our.
232 3407 405 3490 Capitolium
431 3413 547 3496 Capuae
575 3418 617 3479 td.
644 3420 716 3481 blar.
746 3421 783 3482 de
808 3423 893 3485 eaelo
922 3433 1029 3485 tactum
1059 3433 1119 3503 est,
