2416 3876
225 174 502 226 DEPERDITORUM
524 173 706 224 LIBRORUM
731 173 931 232 sumentes.
1019 159 1078 224 301

75 335 197 418 propius
222 349 324 392 causas
345 329 486 390 liburnica
507 329 739 408 praetendisset,
775 345 832 388 nec
862 328 1082 388 adversantibus

74 418 172 478 uentis
191 433 323 476 remeare
335 423 454 494 posset,
469 414 498 472 ui
514 413 643 491 pulveris
656 430 691 472 ac
706 411 824 472 lavillae
843 429 1005 491 oppressus
1026 421 1082 489 est,

76 503 127 562 vel
139 500 289 580 utquidam
302 499 489 558 existimante
502 513 590 556 servo
605 514 659 557 suo
674 497 801 572 occisus,
818 515 903 574 quem
918 496 1081 556 aestudell-

78 587 161 646 ciens
177 595 207 643 ut
221 601 325 643 necem
336 581 390 642 sibi
401 590 559 642 maturaret
574 588 718 640 oraverat.
749 577 802 640 Ec
818 578 1082 642 librisNotnralis

1 709 2 731 2
51 669 230 732 sbistoriua
244 666 339 728 Plinii
352 665 443 728 Sacc.
466 661 644 726 itt-XV.
666 711 672 724 .
693 711 700 724 .
722 663 768 725 De
785 665 841 724 hoc
862 664 954 726 refert
977 667 1082 726 Sueto·

1 780 2 804 1
77 752 143 814 nius
159 751 342 829 Tranquillus
367 750 444 831 quod
458 749 544 810 valde
556 750 673 810 miratur
687 750 778 809 virum
792 749 963 809 militaribus
978 750 1084 810 ciliciis

1 864 2 910 1
80 839 207 898 deditum
221 845 298 895 tanta
314 852 491 913 componere
508 834 639 912 potuisse
655 834 741 893 etiam
756 835 869 894 ratione
886 836 979 902 vitae,
1009 851 1083 907 nam,

1 941 2 994 ξ
78 931 110 981 ut
126 922 195 982 dicit
208 921 283 980 idem
299 919 453 980 Suetonius
469 919 497 978 in
510 919 585 978 libro
601 918 637 978 de
651 916 729 977 Viris
741 917 912 992 illustribus,
929 918 994 978 dum
1008 918 1085 977 idem

79 1005 189 1066 Plinius
203 1004 337 1081 legiones
353 1005 381 1062 in
396 1003 523 1063 Siciliam
538 1003 677 1078 duceret,
697 1003 850 1080 eruptione
866 1000 1028 1062 favillarum
1049 1000 1084 1060 ab

1 1111 2 1148 1
44 1107 70 1148 ro
83 1089 175 1148 Aetna
190 1089 377 1147 eructantium
395 1087 581 1166 praefocatus
605 1087 710 1146 interiit
724 1103 798 1146 auno
813 1089 891 1146 vitae
913 1104 983 1146 suae
1005 1085 1085 1163 quin·

83 1171 252 1250 quagesimo
275 1181 359 1231 sexto
383 1181 412 1230 et
432 1171 461 1229 in
480 1171 580 1230 Sicilia
596 1169 758 1230 tumulatur.
797 1167 909 1230 oreon
924 1169 1085 1230 adnotatio

82 1257 122 1317 dc
140 1254 260 1317 dnobus
274 1253 384 1316 Plintis
455 1254 586 1316 collecto
603 1273 661 1332 per
676 1251 824 1315 loannem
837 1253 1087 1316 Mansionurinm

1 1381 2 1412 ,
88 1339 289 1401 Veronensem
302 1341 401 1419 (nanto
416 1339 539 1400 circiter
553 1334 640 1418 1813)
661 1338 748 1417 upnd
763 1337 966 1402 Peneonicnnr
983 1345 1085 1416 1117.
1175 1369 1178 1378 =

1 1423 2 1438 ¹
153 1425 198 1474 llis
222 1425 353 1475 librorum*
367 1425 403 1474 de
431 1423 524 1474 Viris
549 1423 742 1473 illustribus
765 1424 879 1488 reliquiis
896 1424 970 1473 certis
994 1423 1087 1472 addere

47 1507 75 1550 15
84 1503 210 1558 tamquam
227 1508 273 1558 per
291 1501 403 1542 saturam
419 1492 479 1542 libet
499 1491 635 1558 particulas
657 1491 752 1555 aliquot
770 1490 899 1553 chronici,
922 1505 985 1555 ques
1003 1499 1087 1540 utrum

1 1615 2 1620 ,
85 1563 205 1614 Suetonio
223 1575 256 1610 an
276 1562 320 1611 alii
339 1563 424 1626 potius
442 1561 558 1626 scriptori
576 1560 668 1611 debere
679 1560 850 1624 Hieronymus
862 1561 985 1611 dicendus
1003 1559 1074 1610 sitdi

14 1675 16 1680 .
86 1646 158 1681 verse
172 1631 252 1679 doctis
263 1631 347 1680 visum
360 1639 406 1679 est.

147 1696 279 1775 Nigidius
293 1696 429 1776 Figulus,
447 1697 657 1772 Pythagoricus
671 1705 700 1756 et
715 1715 833 1773 magus,
854 1698 882 1756 iu
897 1696 987 1756 exilio
1003 1697 1087 1755 mori·

87 1792 132 1843 tur
148 1798 178 1842 a.
195 1787 258 1841 769.
273 1787 337 1841 716.

48 1891 79 1932 20
150 1865 269 1924 Servius
284 1863 430 1942 Sulpicius
445 1863 514 1922 iuris
530 1863 679 1924 consultus
695 1874 724 1924 et
740 1863 771 1926 P.
787 1863 929 1924 Servilius
943 1863 1088 1924 isauricus

1 2023 2 2028 ἵ
86 1947 206 2030 publico
222 1947 324 2007 iuuere
343 1947 411 2008 elati
427 1964 457 2006 a.
476 1954 540 2009 710.

1 2041 2 2048 ’
148 2031 281 2091 Artorius
306 2032 437 2091 medicus
454 2029 578 2108 Augusti
592 2042 660 2110 post
675 2031 823 2092 Actiacam
845 2031 997 2092 victoriam
1020 2049 1088 2092 nau·

86 2117 180 2193 iragio
200 2117 276 2194 perit
291 2133 321 2176 a.
340 2123 408 2175 726.
426 2121 494 2175 726.

151 2199 308 2258 Anaxilaus
331 2197 517 2276 Larissaeus,
538 2197 749 2277 Pythagoricus
773 2209 802 2260 et
823 2217 941 2278 magus,
972 2198 1007 2259 ab
1032 2199 1089 2259 Au·

1 2287 12 2350 j·
50 2293 175 2363 25gusto
195 2283 268 2342 urbe
283 2281 424 2360 Italiaque
442 2282 559 2360 pellitur
574 2300 604 2343 u.
624 2293 691 2346 726.
793 2317 796 2323 ·
1057 2353 1059 2359 y

152 2366 276 2442 Pylades
301 2364 392 2440 cilix,
416 2367 619 2444 pantomimus,
651 2387 714 2428 cum
736 2375 856 2426 veteres
876 2367 933 2446 ipsi
954 2377 1092 2427 canerent

89 2462 175 2531 atque
192 2450 347 2526 saltarent,
365 2451 473 2527 primus
490 2449 600 2510 Romae
616 2451 733 2511 chorum
749 2461 778 2510 et
793 2451 916 2511 fistulam
932 2449 987 2510 sibi
1007 2469 1091 2530 prae·
1183 2453 1201 2472 ⁶

1 2539 2 2613 l
90 2538 188 2596 cinere
203 2534 273 2594 lecit
288 2551 317 2594 a.
333 2541 398 2594 732.
417 2541 480 2596 733.

1 2617 2 2637 ¹
152 2619 271 2678 Servius
292 2618 417 2679 Plautius
441 2619 500 2697 [ut.
525 2618 659 2698 Plautus]
690 2617 890 2697 corruptibili
913 2636 982 2678 reus
1001 2626 1097 2677 semet

1 2721 2 2748 ³
50 2705 117 2768 sain
132 2701 237 2762 iudicio
253 2702 387 2762 interficit
403 2718 433 2762 a.
451 2709 517 2762 777.

152 2786 248 2870 lupius
264 2783 373 2862 Gallio,
390 2785 482 2845 irater
497 2787 644 2863 Senecae,
667 2787 806 2864 egregius
829 2786 1008 2846 declamator
1024 2804 1092 2865 pro·

1 2899 3 2956 y
89 2871 153 2950 pria
169 2887 203 2929 sc
223 2888 306 2930 manu
324 2870 470 2930 interiecit
485 2886 516 2928 o.
535 2877 602 2930 817.
617 2877 685 2930 818.

1 2959 3 3028 t
152 2953 184 3012 t.
206 2953 343 3014 Annaeus
365 2953 496 3029 Seneca,
518 2951 734 3030 Cordubensis,
765 2962 944 3032 praeceptor
968 2952 1094 3014 Neronis

1 3035 2 3048 ²
91 3046 120 3098 et
136 3046 255 3116 patruus
270 3036 378 3097 Lucani
395 3047 503 3117 poetae
516 3039 656 3097 incisione
671 3055 809 3099 venarum
822 3047 851 3097 et
863 3055 978 3097 veneno
989 3037 1094 3099 hausto

52 3144 80 3187 ss
91 3122 178 3201 periit
204 3138 233 3181 u.
261 3129 390 3183 818...
412 3122 494 3182 Sotio
530 3120 721 3201 philosophus
748 3121 977 3199 Alexandrinus,
1010 3140 1095 3201 prae·

91 3214 197 3284 ceptor
211 3206 361 3282 Senecae,
377 3205 473 3265 clarus
495 3204 618 3266 habetur
632 3222 662 3266 u.
681 3214 749 3268 765.
767 3215 834 3268 766.

154 3288 186 3352 t.
203 3293 340 3350 Annaeus
355 3289 464 3364 Melas,
481 3291 614 3350 Senecae
632 3290 724 3350 frater
739 3299 768 3350 et
784 3289 936 3365 Gallionis,
952 3288 1027 3350 bona
1043 3290 1093 3351 Lu·

88 3373 157 3433 cani
172 3383 279 3450 poetae
294 3373 343 3433 lrlii
359 3375 403 3433 sui
418 3393 434 3434 a
449 3371 566 3434 Nerone
582 3384 765 3454 promeretur
780 3391 810 3434 u.
828 3381 894 3434 821.
910 3381 978 3435 822.

158 3455 239 3517 Titus
255 3455 416 3516 blusonium
432 3455 535 3518 Rufum
548 3458 585 3519 de
601 3457 690 3519 exilio
707 3463 827 3540 reuocat
842 3473 871 3517 u.
889 3465 954 3519 833.
