2416 3876
1 79 8 168 ³-
78 124 140 187 282
353 133 804 194 c.sunron11nnnueumu1

76 290 324 353 Alexandrinum
336 307 369 368 p.
378 297 434 350 217
449 287 549 350 Boon.
567 287 726 350 cedrenus
739 286 760 348 1
769 307 802 367 p.
820 297 879 350 260
892 287 992 350 Boou.
1011 287 1089 350 Sui·
1204 299 1206 354 i

76 377 138 437 σοι
153 394 180 436 a.
197 393 227 434 o.
242 369 380 454 χλαμύς.
1205 377 1206 398 *

138 461 291 520 Suetonius
313 461 348 520 in
364 457 463 516 libro
478 457 521 517 de
537 475 678 534 genere
691 459 850 516 vestium
863 457 934 517 dioit
949 459 1005 516 trie
1018 475 1088 516 esse

74 563 185 624 genera
206 543 383 604 trabearum:
409 560 492 600 unum
512 541 566 601 diis
588 549 745 617 sacratum,
767 541 846 618 quod
866 550 912 601 est
924 549 1035 602 tantum
1048 539 1087 600 tle

77 646 218 710 purpuram
237 626 314 686 aliud
327 645 447 705 regum,
471 625 549 703 quod
565 635 610 684 eet
624 642 817 703 purpureum,
832 624 921 684 hebet
932 634 1028 684 tamen
1043 625 1083 685 al·
1098 646 1112 685 ι

75 715 142 774 burn
156 710 277 792 aliquld;
293 713 407 772 tertium
421 709 559 786 augurale
576 709 612 769 de
626 727 754 788 purpure
773 719 802 768 et
817 726 922 769 oooeo.
954 708 1087 768 Servius

75 798 121 858 ad
138 795 227 876 Verp.
242 792 318 856 Aea.
338 804 364 871 7,
378 802 443 856 612.

161 879 314 940 Suetonius
336 880 390 938 tria
410 895 522 954 genera
538 876 678 956 pileorum
701 876 772 937 dixit
786 876 890 955 quihus
911 875 1086 938 sacerdotes

76 975 204 1026 utuntur:
221 961 347 1044 apicem,
362 962 491 1036 tutulum,
507 961 654 1038 galerum
667 959 719 1020 sed
733 960 846 1040 apicem
864 960 971 1039 pileum
988 961 1084 1037 sutile,

75 1053 154 1111 eirca
168 1048 293 1109 medinm
309 1049 392 1124 virga
412 1047 567 1122 eminente,
588 1044 707 1104 tutulum
724 1045 831 1123 pileum
848 1044 973 1106 lanatum
986 1053 1085 1104 metae
1096 1069 1123 1111 ιι

75 1136 184 1212 figura,
197 1133 328 1210 galerum
344 1131 450 1210 pileum
466 1147 503 1190 ex
518 1129 597 1208 pelle
615 1127 728 1188 hostiae
747 1146 862 1190 eaesae.
892 1127 1024 1190 Seroiata
1040 1128 1088 1188 od

80 1217 167 1296 Vero.
183 1213 260 1276 Aea.
277 1224 302 1286 2,
317 1223 382 1276 683.

140 1299 204 1360 Vll.
234 1291 338 1379 Περὶ
363 1288 760 1398 δυσμημωνλέξεων
786 1287 876 1376 ἤτοι
894 1296 1087 1378 βλασφη-
1115 1361 1117 1364 .

75 1381 179 1465 μιῶν
200 1375 266 1444 καὶ
288 1372 423 1442 πόθεν
443 1391 604 1458 εκαστη.
649 1379 776 1441 Saldae.
1204 1401 1206 1464 J

135 1457 391 1546 Ἀρχολίπαρος,
414 1453 437 1526 ὁ·
453 1459 605 1541 λιπαρῶν
625 1460 683 1524 ’ίνα
704 1454 806 1545 ἀρχῆς
832 1455 915 1546 τύχη
930 1453 954 1570 η’
967 1460 1004 1526 ἐκ
1018 1461 1084 1526 τοῦ
1095 1487 1123 1530 τι
1205 1493 1206 1522 ;

76 1539 190 1628 άρχειν
213 1543 470 1628 λεπαινόμενος·
498 1538 587 1610 οὕτω
620 1542 836 1630 Τράμκνλλος
863 1568 957 1627 περι
982 1548 1082 1629 βλα-
1205 1595 1206 1598 ¹

74 1628 275 1713 σφημιων.
320 1631 564 1713 Etymolopioum
579 1633 726 1714 Mapoura
736 1653 770 1714 p.
790 1643 845 1696 137
858 1634 944 1712 Lipe.

143 1717 340 1799 Τριςάθλιος
355 1768 363 1783 .
380 1768 388 1782 .
405 1767 412 1781 .
429 1719 645 1801 τριςιιάκαρες
661 1767 669 1783 .
687 1767 694 1782 .
711 1768 719 1783 .
734 1722 1021 1805 τριςκακοᾶαίμων
1034 1772 1041 1786 .
1056 1773 1084 1788 ..

77 1797 272 1885 τριςόλβιος.
313 1801 458 1866 Τοιαάτα
478 1781 515 1866 ὄλ
536 1794 686 1882 καλάπερ
709 1805 790 1867 τῶν
810 1826 872 1878 τις
894 1807 1086 1871 παλαιῶν

74 1887 173 1950 ἔθετο
207 1885 457 1970 παραδείγματα
472 1887 746 1988 βλασφημιῶν
760 1889 827 1951 τῶν
841 1881 907 1954 άπὸ
919 1883 1082 1974 ἀριθμοῦ,
1095 1917 1123 1958 ιο

74 1959 150 2033 οἷον
172 1964 365 2052 τριςεξάλης
387 1961 405 2034 ὁ
426 1963 518 2033 πάνυ
534 1968 676 2052 oeulos,
702 1968 758 2035 καὶ
774 1965 975 2056 τριπίδωνὸ
997 1979 1087 2038 πολ-

75 2048 169 2126 λάκις
183 2049 342 2135 πεδηθελς
358 2052 546 2138 κακοῦργος
562 2055 698 2136 δοῦλος,
715 2046 751 2132 ὃς
768 2052 951 2120 καλπίδων
972 2056 1087 2122 πέδω-

75 2157 133 2208 νος
148 2134 184 2198 ἐν
199 2127 358 2218 ἁπλότητι
371 2135 522 2219 λέγεται,
540 2135 595 2202 καὶ
609 2140 733 2221 στίγων
746 2144 861 2204 είτονν
876 2145 1084 2223 στιγματίας.

76 2217 176 2300 Φέρει
191 2213 228 2282 δὲ
241 2216 297 2284 καὶ
312 2211 377 2284 άπὸ
392 2216 540 2304 χρήσεως
555 2221 617 2287 τοῦ
629 2222 781 2304 κωμικοῦ
793 2219 848 2290 τό·
872 2228 1086 2309 ’παλίμβολος

74 2306 254 2386 τρίπρατος
274 2301 330 2368 καὶ
351 2299 511 2379 πολλάκις
529 2297 818 2390 άπημπολημίνος.
848 2309 1030 2392 Σοφοκλῆς
1046 2305 1123 2375 aliea

73 2388 254 2470 τρίδουλον
277 2380 336 2452 τὸν
351 2386 387 2452 ἐκ
402 2383 581 2472 προγόνων
595 2389 721 2455 δοῦλον
736 2394 816 2476 ἔφη,
839 2385 1030 2477 Ἀνακρέων
1046 2390 1086 2458 δὲ

74 2469 373 2555 τριςκεκορημίνον
392 2465 452 2537 τὸν
472 2468 632 2558 πολλάκις
659 2473 951 2560 ἑκσεσαρωμένον,
973 2467 1087 2560 Ἀρχί-

75 2557 173 2637 λοχος
195 2551 231 2620 ot
255 2549 466 2640 τριςοιζνρὴν
488 2552 589 2623 πόλιν
608 2557 673 2659 epp
695 2551 757 2642 τὴν
773 2553 904 2643 Θάσον,
917 2553 1084 2638 Ἱππάναξ

75 2634 111 2702 ol
125 2631 184 2704 τὸν
200 2642 275 2722 τρία
290 2632 505 2724 ὑπιραναβάς
522 2634 670 2725 άριθμον
689 2637 900 2708 ἑπτάδονλον
915 2647 978 2728 ἔφη
993 2641 1080 2710 τινά.

73 2723 255 2786 Eustotltiua
272 2728 315 2786 ud
329 2727 457 2788 Homeri
472 2726 564 2790 lltact.
582 2737 611 2806 8,
628 2737 697 2791 488.
1093 2753 1122 2798 ω

137 2809 214 2870 Vlll.
258 2805 364 2892 Περὶ
389 2799 532 2892 Ῥώμης
561 2807 629 2874 καὶ
656 2811 736 2877 των
762 2809 805 2875 ἐν
830 2803 933 2898 αὐτῇ
959 2817 1085 2896 νομί-

72 2913 157 2973 μων
179 2888 248 2954 καλ
267 2883 382 2974 ἠθῶν
403 2895 546 2976 βιβλία
568 2889 607 2976 β.
638 2895 765 2958 Saldae.

137 2978 307 3058 Triumphus
323 2979 416 3040 dietus
435 2991 480 3042 est
493 2970 558 3043 άπὸ
574 2978 631 3062 τῆς
640 2981 823 3062 θρίαμβης,
839 2983 868 3044 id
884 2993 929 3044 est
945 2983 980 3045 ab
1000 2986 1082 3046 exul-

73 3063 182 3122 tatione
205 3065 278 3123 trina
295 3108 302 3124 .
320 3107 327 3121 .
345 3107 351 3122 .
370 3063 556 3144 Tranquillus
574 3077 668 3129 autem
693 3065 864 3146 triumphum
886 3067 987 3128 Latine
1013 3069 1081 3130 dieit

73 3148 170 3225 polius
185 3147 377 3226 appellatum,
400 3149 478 3226 quod
492 3150 517 3209 is
532 3151 580 3227 qui
595 3150 772 3229 triumphans
790 3151 890 3215 urheut
909 3153 1079 3230 ingredere·
1091 3178 1119 3222 35

71 3238 118 3289 tur
137 3232 280 3310 tripertito
301 3230 407 3292 iudieio
429 3231 636 3304 honoraretur;
660 3252 725 3293 nam
742 3235 863 3313 primum
883 3235 920 3296 tle
934 3236 1080 3316 triumpho

72 3312 343 3374 ducieoncedendo
355 3319 513 3377 exereitum
529 3316 656 3380 inditore
671 3317 786 3378 solitum
802 3329 878 3398 erat5
889 3320 1018 3382 seeundo
1035 3339 1081 3382 se·

71 3403 180 3473 natum,
202 3399 288 3458 tertio
304 3397 451 3477 populum.
480 3397 624 3461 isidorus
638 3401 756 3480 etymol.
776 3411 820 3474 18,
838 3411 864 3480 2,
881 3411 907 3466 3.
