2412 3876
43 218 48 228 “
138 220 181 280 44
225 230 254 278 c.
271 229 563 290 suuuoutuanuq.
579 228 1002 284 oumnncmsnauuma.
1018 227 1056 274 11.
1144 189 1147 194 ¹

140 403 206 446 num
221 385 315 446 lacum
327 389 414 463 mari,
437 349 545 448 effecit.
573 385 606 445 ln
621 403 677 465 quo
697 401 761 444 cum
784 382 879 443 hieme
895 390 956 443 tota
970 382 1073 462 copias
1092 400 1145 443 ex·

142 472 301 547 arcuisset,
334 471 501 550 Pompeium
525 472 600 529 inter
618 467 713 544 blqlas
733 476 763 527 et
781 465 962 527 Naulochum
980 468 1145 545 superavit,

139 553 193 614 sub
208 553 309 614 horam
327 572 444 634 pugnae
459 564 516 614 tam
536 562 599 614 arto
614 560 738 650 Q&
753 567 854 612 somno
870 549 1038 626 deuinctus,
1059 560 1091 611 ut
1107 551 1145 610 ad

139 636 263 698 dandum
282 640 395 716 signum
410 637 446 700 ab
467 639 567 698 amicis
583 638 769 697 excitaretur.
805 635 889 696 Unde
905 633 1066 714 praebitam
1081 634 1143 694 An·

139 723 219 782 tonio
235 724 383 782 materiam
394 732 491 803 putem
507 719 720 800 exprobrandi,
738 737 778 780 ue
791 719 886 780 rectia
901 717 1025 799 quidem
1039 717 1164 780 oculise

139 823 207 865 cum
222 806 366 884 aspicere
377 807 520 885 potuisse
532 805 715 866 ambustam
728 803 845 880 ¹nciam,
866 819 973 863 oerum
984 803 1143 882 supinum,

139 890 258 960 coelum
272 889 451 966 intuentem,
465 889 619 968 stupidum
635 888 793 965 cubuisse,
809 903 866 949 nec
876 887 969 965 prius
981 886 1142 948 cumaeis-

138 991 174 1034 sc
187 991 227 1036 uc
239 973 387 1036 militibus
402 975 645 1052 inconspectum
661 973 782 1034 emisse
791 989 885 1052 quum
905 988 927 1031 c
941 969 982 1032 M.
996 967 1144 1052 Agrippa

136 1057 268 1137 fugatae
281 1059 466 1145 aiutpstium
486 1075 593 1118 nauca.
624 1057 805 1117 Alitdtetum
818 1055 982 1135 factumque
1003 1057 1066 1115 eius
1085 1059 1142 1116 cri·

140 1143 297 1218 minantur,
318 1143 399 1220 quasi
421 1141 562 1202 classibus
582 1149 756 1220 tempestate
773 1140 895 1220 perditis
919 1139 1178 1217 exclamaveram

39 1297 40 1300 Ἴ
141 1225 234 1285 etiam
254 1225 350 1300 inuito
370 1222 511 1304 Neptuno
530 1224 694 1286 victorium
715 1243 750 1285 se
763 1223 963 1304 adspicerem,
980 1241 1015 1284 ac
1024 1222 1072 1283 die
1086 1225 1143 1284 cir·

142 1309 270 1369 censium
285 1309 417 1388 proximo
434 1307 566 1370 sollemni
575 1326 700 1389 pompae
715 1309 896 1370 simulacrum
911 1304 957 1368 dei
970 1307 1143 1368 detraxerit.

141 1392 205 1477 Nec
227 1400 335 1452 temere
356 1393 496 1472 plura·ac
516 1395 625 1454 maiora
646 1393 777 1473 pericula
803 1391 864 1452 ullo
881 1392 938 1453 alio
962 1391 1042 1452 bello
1063 1391 1144 1452 adiit.

143 1477 278 1537 Treiecto
293 1479 322 1536 in
337 1477 463 1538 Siciliam
477 1479 618 1554 exercitu,
634 1485 822 1556 campartem
837 1477 977 1555 reliquam
992 1476 1143 1554 copiarum

62 1600 65 1604 -
139 1563 297 1620 continenti
310 1558 471 1640 repeteret,
486 1579 647 1640 oppressus
664 1563 864 1640 exinproviso
881 1579 897 1620 a
911 1559 1095 1621 Demochare
1111 1569 1142 1620 et
1152 1573 1177 1616 nt

54 1674 60 1684 ·
132 1644 346 1722 Apollophane
361 1647 520 1723 praelectis
538 1644 672 1725 Pompei,
693 1663 748 1705 uno
769 1645 881 1705 demum
902 1645 1019 1720 navigio
1035 1661 1140 1723 aeger-

139 1731 209 1788 rime
224 1729 335 1806 elingit.
354 1728 461 1790 lterum
476 1748 539 1790 omn
553 1739 673 1807 praeter
686 1728 795 1789 lucrm
808 1727 931 1807 Regium
947 1726 1069 1808 pedibus
1084 1731 1142 1789 iret

139 1822 168 1872 et
186 1816 351 1892 prospectis
373 1812 530 1874 biremibus
545 1812 728 1892 Pompeianis
746 1821 852 1874 terram
869 1811 1052 1890 legentibus,
1072 1831 1141 1873 suas

138 1905 235 1972 ratus,
250 1896 451 1958 descendisset
464 1897 500 1957 ad
515 1897 597 1975 litus,
614 1915 706 1977 paene
722 1905 865 1975 exceptus
879 1905 933 1956 est.
957 1896 1037 1956 Tunc
1049 1898 1141 1968 „etiam

73 2008 77 2016 ·
139 2000 192 2060 per
208 1980 309 2041 devios
331 1984 458 2043 tramites
473 1981 667 2060 refugientem
688 1999 791 2041 servus
804 1980 910 2040 Aemili
925 1979 1006 2040 Pauli
1025 1981 1175 2040 comitisse

138 2067 215 2138 eius,
231 2063 333 2124 dolens
347 2067 542 2144 proscriptum
562 2064 630 2125 olim
649 2064 686 2126 ab
701 2083 738 2126 eo
755 2073 867 2142 patrem
881 2063 998 2124 Paulum
1012 2071 1042 2124 et
1057 2066 1141 2143 quasi

138 2149 295 2208 occasione
316 2147 431 2208 ultiouis
446 2149 565 2227 oblata,
589 2151 756 2210 interlicere
772 2159 893 2210 conatus
913 2158 968 2209 est.
1008 2179 1011 2188 ,
1204 2159 1205 2164 ’

201 2229 271 2290 Post
293 2230 418 2312 ‘Pompei
447 2235 544 2311 lugam
571 2233 751 2310 collegarum
778 2233 899 2294 alterum
923 2233 962 2294 ll.
988 2231 1139 2312 Lepidum,

137 2333 222 2394 quem
244 2332 281 2374 ex
296 2315 397 2377 Airica
420 2319 448 2377 iu
470 2317 603 2377 anaxilium
623 2325 778 2393 evocarat,
799 2317 1017 2397 superbientem
1036 2318 1140 2394 viginti

137 2399 283 2477 legionum
305 2399 408 2460 fiducia
428 2418 608 2480 summasque
624 2402 679 2462 sibi
696 2411 796 2481 partes
810 2411 924 2462 terrore
939 2411 968 2462 et
981 2402 1065 2461 minis
1079 2401 1174 2466 rin-as

137 2482 280 2543 dicantem
303 2485 440 2563 spoliavit
459 2487 590 2546 exercitu
603 2485 823 2566 supplicemque
838 2503 982 2547 concessa
1001 2487 1061 2545 vita
1076 2482 1138 2545 Gir-

139 2569 220 2626 ceios
236 2569 264 2626 in
281 2577 454 2648 perpetuum
469 2568 624 2647 relegavit.
722 2576 725 2580 ’
775 2644 779 2647 ξ

98 2649 127 2706 tt
199 2649 237 2710 Μ.
255 2649 373 2712 Antonii
389 2655 559 2714 societatem
575 2671 693 2732 semper
707 2653 821 2715 dubiam
836 2661 866 2713 et
879 2655 1019 2714 incertam
1034 2669 1137 2712 recon-

64 2756 68 2762 ·
137 2733 386 2814 ciliatiouibusque
401 2738 488 2796 variis
502 2736 578 2796 male
596 2737 743 2798 focilatam
758 2737 874 2817 abrupit
888 2737 1019 2814 taudem,
1034 2744 1065 2795 et
1080 2751 1137 2814 quo

136 2819 228 2894 magis
245 2817 444 2895 degenerasse
460 2838 524 2880 eum
540 2839 556 2881 a
573 2821 650 2881 cirili
669 2839 750 2882 more
765 2821 959 2900 approbaret,
981 2829 1172 2884 testamen-ao

135 2910 203 2977 tunt,
220 2901 296 2980 quod
311 2905 335 2962 is
350 2903 471 2981 Romae,
487 2906 573 2965 etiam
588 2903 624 2964 de
633 2904 792 2984 Cleopatra
806 2905 906 2965 liberis
921 2907 997 2966 inter
1012 2902 1139 2964 heredes

135 2988 322 3064 nuncupatis,
344 2987 517 3066 reliquerat,
541 2988 729 3068 aperiundum
747 2989 983 3068 recitandumque
998 3005 1054 3069 pro
1069 3004 1138 3047 con-

74 3107 76 3112 ·
134 3070 214 3127 tione
234 3073 353 3130 curavit.
395 3071 517 3133 Remisit
539 3081 633 3134 tamen
653 3073 730 3134 hosti
757 3073 882 3134 iudicato
906 3071 1139 3136 necessitudines

23 3672 73 3679 ...ι-

135 3153 301 3232 amicosque
316 3171 434 3232 omues,
455 3165 542 3236 atque
558 3158 633 3217 inter
648 3157 720 3218 alios
738 3155 770 3218 (l.
788 3158 902 3218 Sosium
924 3167 954 3218 et
969 3157 1003 3217 Τ.
1015 3156 1137 3220 Domiti-

135 3254 180 3296 um
192 3245 259 3296 tunc
273 3237 365 3299 adhuc
378 3241 526 3300 consules.
543 3239 773 3302 Bononiensibus
785 3259 900 3322 quoque
915 3241 1044 3320 publice,
1061 3238 1169 3319 quoda

16 3347 18 3354 >
64 3386 67 3394 ,
87 3345 110 3394 32
135 3321 163 3378 in
177 3318 365 3382 Antoniorum
382 3322 518 3384 clientela
532 3327 686 3405 antiquitus
699 3334 797 3403 erant,
818 3327 941 3402 gratiam
955 3326 1027 3386 lecit
1040 3326 1136 3386 coniu-

0 3435 3 3440 =
24 3441 58 3477 a„
73 3429 100 3482 pq
135 3403 215 3462 randi
236 3423 298 3464 cum
321 3414 382 3466 tcta
397 3405 480 3468 ltalia
496 3425 550 3486 pro
571 3409 701 3488 partibus
719 3412 788 3470 suis.
820 3408 884 3468 Nec
899 3409 989 3470 multo
1005 3417 1073 3488 post
1087 3426 1136 3468 ua-

134 3485 192 3545 vali
209 3489 322 3564 proelio
339 3490 416 3569 apud
430 3490 546 3552 Actium
564 3494 649 3570 vicit,
670 3494 698 3552 iu
715 3511 811 3553 serum
826 3492 1010 3554 dimicatione
1025 3501 1136 3574 protra-
