2438 3872
536 221 710 272 osnes.
1044 212 1129 276 ,203

133 376 284 454 ingressus
297 392 382 453 quam
395 384 426 435 ut
438 393 536 436 secum
548 367 683 436 vehiculo
700 377 832 456 proximo
850 376 949 438 decies
966 379 1129 440 sestertium

134 459 163 518 in
174 475 245 520 anro
256 459 388 538 elierret)
400 459 496 521 donec
506 461 535 520 in
548 458 657 539 oppido
666 459 773 520 Fundis
784 463 907 522 moranti
914 461 1128 541 HispaniaTar·

133 544 303 603 tunonensis
315 542 412 604 oblata
424 553 479 604 est.
501 541 684 623 deciditque,
695 553 725 604 ut
741 563 804 606 cum
822 547 1001 625 provinciam
1017 547 1129 623 ingres-

1 703 2 708 ,
136 644 185 686 sus
197 627 377 688 sacrificaret
387 629 462 688 intra
474 626 575 687 aedem
586 625 746 706 publicam,
762 646 835 709 puer
896 630 1034 691 ministris
1047 645 1128 689 acer·

109 728 196 774 aram
213 711 321 770 tenenti
340 710 462 790 capillus
479 718 602 798 repente
618 719 681 772 toto
702 715 798 791 cupite
810 722 996 790 canesceret,
1013 730 1070 773 nec
1080 710 1128 771 de

134 795 249 855 luerunt
261 795 310 874 qui
322 795 588 875 interpretarentur,
602 795 758 873 significari
766 813 862 856 rerum
870 799 1053 858 mutationem
1064 810 1128 854 snc-

1 871 2 915 l
23 902 26 908 ·
136 889 345 957 c'essurumqne
355 878 452 938 iuveni
464 896 575 954 senem,
587 877 644 938 hoc
657 887 702 938 est
716 880 810 957 ipsum
820 878 942 940 Neroni.
961 879 1029 940 Non
1039 877 1129 938 multo

8 999 9 1004 κ
22 1015 25 1018 .
135 970 204 1041 post
211 963 241 1020 in
251 958 424 1023 Cantabriae
434 962 529 1022 lucam
541 961 649 1022 fulmen
656 961 773 1040 decidit,
785 971 1052 1042 repertaequesunt
1059 962 1129 1022 duo·

136 1045 229 1106 decim
241 1062 373 1122 secures,
385 1043 460 1106 haud
472 1045 636 1123 ambiguum
647 1063 774 1106 summae
785 1048 898 1126 imperii
910 1049 1034 1125 signum.
1050 1102 1052 1110 ,

99 1149 126 1191 ro
194 1129 251 1190 Par
268 1138 336 1190 octo
352 1146 444 1189 annos
462 1131 544 1189 varie
560 1137 592 1189 et
607 1129 828 1208 inaequabiliter
851 1128 1159 1208 promnciam'rexito

135 1216 229 1293 primo
245 1231 314 1274 acer
328 1221 357 1272 et
367 1212 532 1291 vehemens,
548 1221 577 1272 et
591 1214 621 1272 in
634 1212 806 1273 coercendis
818 1213 933 1292 quidem
948 1213 1064 1274 delictis
1081 1210 1131 1271 rel

134 1296 313 1357 immodicus.
334 1295 406 1356 Nam
418 1305 447 1356 et
460 1295 646 1358 nummulario
658 1314 716 1356 non
728 1315 765 1357 ex
777 1297 833 1357 lide
848 1299 975 1358 versanti
991 1297 1131 1378 pecunias

134 1399 234 1442 manus
247 1380 404 1459 amputavit
412 1397 588 1458 mensaeque
599 1381 662 1439 eius
673 1380 782 1458 adfixit,
797 1388 827 1440 et
839 1388 974 1458 tutorem,
987 1379 1065 1459 quod
1078 1395 1129 1456 pu·

135 1464 245 1546 pillum,
259 1466 303 1524 cui
317 1463 485 1524 substitutus
495 1463 583 1523 lucres
595 1473 673 1539 erat,
691 1481 805 1524 veneno
817 1471 968 1540 necasset,
980 1481 1068 1523 ornae
1081 1461 1130 1522 ad·

99 1550 219 1618 aolecit;
231 1546 453 1627 implorantique
470 1546 554 1624 leges
573 1555 602 1606 et
619 1548 711 1607 civem
727 1548 887 1610 Romanum
905 1564 938 1606 se
955 1547 1130 1621 testificanti,

136 1633 219 1712 quasi
230 1631 335 1706 solatio
351 1638 380 1690 et
394 1629 506 1691 honore
517 1630 613 1709 aliquo
628 1647 752 1708 poenam
768 1631 931 1706 levaturus,
943 1631 1044 1692 mutari
1059 1628 1130 1688 mul·

135 1725 225 1795 toque
237 1724 355 1795 praeter
368 1719 483 1774 ceteras
494 1713 627 1774 altiorem
640 1723 669 1773 ct
681 1712 844 1776 dealbatam
855 1714 941 1778 statui
950 1715 1130 1775 crucemius·

135 1800 182 1860 sit.
203 1799 343 1860 Paulatim
354 1799 383 1857 in
394 1797 532 1857 desidiam
542 1798 754 1876 segnitiemque
767 1815 928 1860 conversus
943 1807 998 1876 est,
1014 1793 1132 1874 nequid

1 1921 3 1950 r
134 1883 271 1945 materiae
283 1881 440 1962 praeberet
449 1879 576 1960 Neroni,
594 1889 631 1958 et,
644 1889 674 1941 ut
684 1881 783 1942 dicere
796 1880 926 1959 solebat,
947 1880 1031 1962 quod
1042 1896 1131 1940 asmo

28 2013 30 2016 -
98 1968 288 2032 caradonaad
303 1965 360 2028 otii
371 1965 423 2026 sai
434 1964 567 2026 reddere
581 1970 750 2044 coneretur.

198 2048 374 2128 Carthagine
386 2066 462 2109 nova
473 2057 645 2110 conventum
657 2067 749 2128 agens
760 2049 924 2112 tumultuari
935 2047 1044 2110 Gallias
1054 2063 1131 2106 com-

135 2136 223 2217 perit,
235 2133 335 2211 legato
349 2133 522 2210 Aquitaniae
534 2133 641 2195 auxilia
652 2133 842 2212 implorante;
862 2139 1091 2213 supervenerunt
1103 2139 1132 2191 et

135 2218 267 2279 Vindicis
281 2217 395 2277 litterae
409 2215 568 2294 hortantis,
585 2225 615 2276 nt
633 2216 755 2276 humano
772 2219 876 2294 generi
893 2223 1069 2277 assertorem
1082 2213 1131 2273 du-

137 2319 260 2382 cemque
271 2319 304 2361 se
316 2298 529 2360 accomodaret.
551 2298 578 2359 N
580 2317 615 2360 ec
627 2299 675 2361 diu
686 2310 846 2378 cunctatus,
860 2299 1054 2360 conditionem
1066 2315 1131 2377 par·

97 2405 127 2446 aa
136 2390 187 2447 tim
197 2393 274 2446 metu
286 2385 389 2464 partim
400 2402 455 2462 spe
464 2385 593 2464 recepite
607 2401 671 2445 nam
687 2393 716 2443 et
730 2383 861 2454 mandata
871 2383 998 2444 Neronis
1010 2380 1046 2441 de
1057 2398 1132 2441 nece

10 2466 15 2478 '
56 2474 59 2478 '
136 2488 189 2532 ana
199 2469 236 2530 ad
248 2477 456 2548 procuratores
468 2468 542 2530 clam
553 2470 639 2528 missa
653 2467 857 2546 deprenderat,
870 2476 899 2528 et
911 2463 1133 2526 confirmabatur
1185 2475 1188 2485 ¹

1 2616 2 2631 ,
20 2557 21 2562 ’
137 2571 203 2616 cum
215 2552 430 2622 secundissimis
444 2551 582 2632 auspiciis
592 2561 620 2610 et
636 2551 779 2611 ominibus
792 2551 913 2629 virginis
929 2549 1071 2610 honestae
1082 2565 1131 2607 va-

1 2675 2 2693 r
36 2641 39 2647 ’
136 2639 314 2714 ticinatione,
324 2644 403 2696 tanto
414 2637 508 2713 magis
519 2635 598 2714 quod
610 2633 712 2695 eadem
723 2635 773 2695 illa
789 2635 915 2696 carmina
929 2630 1069 2694 sacerdos
1085 2630 1131 2691 lu·

1 2725 2 2746 ¹
135 2723 183 2783 ris
196 2719 317 2782 Cluniae
332 2738 370 2780 ex
381 2719 522 2799 penetrali
534 2719 645 2778 somnio
656 2718 779 2780 monitus
795 2726 927 2795 eruerat,
942 2724 1008 2777 ante
1025 2713 1131 2774 ducen-

100 2829 128 2870 sn
137 2815 186 2869 tos
197 2821 289 2866 annos
300 2803 429 2864 similiter
440 2821 456 2862 a
469 2803 584 2862 fatidica
596 2802 693 2882 puella
709 2802 902 2880 pronuntiata.
929 2801 1056 2877 Quorum
1069 2816 1131 2859 oar·

135 2891 242 2952 minum
262 2889 405 2949 sententia
422 2896 497 2962 erat,
525 2886 677 2956 oriturum
691 2885 880 2969 ,qumodoque
909 2903 948 2946 aa
975 2881 1133 2962 Hispania
1140 2873 1159 3009 l

132 2971 307 3054 principem
319 2968 531 3056 dominumque
544 2988 657 3030 remum.

166 3108 169 3114 ,
198 3055 291 3134 Igitur
308 3073 372 3116 cum
392 3055 475 3133 quasi
495 3054 709 3115 manumissioni
732 3061 885 3114 vacaturus
911 3052 1131 3114 conscendisset
1143 3072 1177 3126 10

136 3139 278 3218 tribunal,
296 3140 457 3218 propositis
475 3148 540 3198 ante
560 3157 592 3198 se
607 3137 800 3198 damnatormn
812 3139 1034 3215 occisorumque
1046 3133 1130 3196 aNe-

100 3249 128 3290 ns
138 3242 211 3285 rone
223 3241 307 3302 mam
319 3224 448 3303 plurimis
459 3220 629 3300 imaginibus
642 3229 670 3281 et
681 3229 792 3282 astante
811 3218 903 3281 nobili
920 3236 1011 3298 puero
1019 3247 1040 3296 ,·.‚
1046 3236 1131 3298 quem

139 3307 303 3370 exulantem
316 3325 332 3366 e
347 3308 478 3387 proxima
490 3305 602 3367 Baleari
614 3305 708 3366 insula
721 3304 758 3365 oh
769 3304 798 3365 id
808 3307 902 3382 ipsum
915 3302 1069 3380 acciverat,
1082 3301 1130 3362 dc·

139 3392 265 3472 ploravit
281 3399 444 3470 temporum
463 3398 584 3468 statum,
604 3388 857 3467 consalutatusque
874 3387 1032 3465 imperator
1049 3383 1131 3463 lega·

138 3486 197 3536 tum
212 3493 244 3536 se
260 3483 376 3536 senatus
389 3492 424 3535 ac
434 3473 536 3554 populi
546 3473 582 3535 u.
595 3473 747 3552 professus
754 3480 808 3534 est.
819 3469 1005 3532 Deiniustitio
1012 3467 1131 3547 indicto,
