2412 3876
159 169 269 216 LXXVI
502 168 707 218 PRAEFATIO·

165 345 229 398 res,
257 332 298 382 tot
327 325 402 382 docti
424 325 549 382 domines
570 326 768 381 intellexerunt
795 331 945 396 nostraque
971 331 1065 381 aetate

163 409 324 467 Fridericus
340 410 445 464 Rilscbl
460 409 487 465 in
503 411 632 479 Parergis
652 416 665 466 1
682 427 709 481 p·
726 415 791 476 619,
808 408 926 465 Carolus
940 409 1067 474 llridori-¹

164 511 213 551 cus
236 493 372 548 Hermann
398 493 424 546 in
444 494 647 564 programmate
667 491 815 562 Gdttingao
835 511 860 550 a.
884 496 952 552 1848
974 492 1062 560 edito,

164 578 328 634 Theodorus
345 577 493 631 Mommsen
509 577 537 631 in
553 577 797 632 dissertationibus
812 575 956 633 societatis
973 575 1065 631 Saxo-

163 663 244 718 nicae
262 668 275 718 l
292 659 319 732 p.
336 664 388 720 673
404 665 458 714 lam
474 660 613 715 luculente
624 661 892 730 demonstraverunt,
908 664 938 714 ut
952 675 999 714 res
1011 673 1067 730 pro

165 745 292 800 conlecta
318 743 414 799 baberi
443 743 551 798 debeat.
596 743 691 814 ltaque
714 743 896 799 excusatione
919 757 988 814 opus
1009 757 1065 796 non

165 829 235 896 erit,
251 827 326 899 quod
341 827 389 881 illu
411 827 572 896 Hieronymi
590 827 773 886 additamenta
797 827 826 881 iu
846 828 900 882 hoc
916 824 1065 880 Suetonio-

165 927 260 967 narum
276 909 455 981 reliquiarum
475 925 575 981 corpus
596 910 701 981 recepi.
748 910 813 965 Cum
835 917 924 964 lamen
939 909 985 964 uel
1006 907 1066 965 illis
1097 910 1099 914 ’

164 993 291 1065 egregiis
326 993 466 1048 iudicibus
495 992 681 1048 dubitationes
715 993 820 1064 aliquot
850 991 967 1047 relictae
998 983 1086 1060 sint,

163 1095 190 1150 p.
207 1081 269 1146 272,
286 1082 320 1136 28
336 1082 363 1130 et
378 1093 404 1148 p.
422 1083 484 1146 301,
501 1082 533 1134 18
548 1094 580 1132 ea
595 1076 725 1148 seposui,
742 1092 858 1148 qnorum
877 1082 974 1131 auctor
992 1071 1073 1129 Sne-²·
1155 1089 1159 1094 ’
1199 1119 1201 1148 ,

161 1160 256 1216 tonius
274 1167 364 1214 utrum
380 1160 417 1214 sit
437 1175 524 1214 necne
545 1159 713 1214 etiamnunc
734 1159 868 1215 incertum
889 1164 940 1214 est.
983 1156 1066 1214 Reci-

163 1259 232 1316 pere
262 1259 345 1297 ausus
371 1259 425 1298 non
454 1259 527 1311 sum,
549 1259 709 1313 quamquam
738 1243 858 1299 fortasse
885 1241 976 1296 eidem
995 1243 1066 1296 Sue-

163 1325 241 1382 tonio
260 1326 386 1393 debitas,
402 1325 559 1381 notationes
573 1326 748 1382 nonnullasa
765 1325 946 1382 Cassiodorio
965 1325 1000 1381 ad
1017 1339 1067 1380 an·

164 1425 215 1464 nos
240 1411 274 1464 ab
295 1409 364 1464 urbe
389 1409 499 1464 condita
525 1417 585 1468 515.
610 1415 670 1468 568.
694 1415 752 1468 639.
777 1415 829 1470 769
849 1409 929 1464 Vanr.
957 1406 1066 1464 adscri-

162 1498 241 1566 ptas,
269 1492 303 1547 de
320 1491 419 1562 quibus
435 1492 598 1548 Theodorus
615 1494 707 1562 Bergk
722 1492 859 1548 benevole
879 1508 922 1546 me
944 1506 1066 1546 commo-

162 1577 316 1635 reiecerat.

225 1657 350 1730 Singulis
371 1657 517 1730 particulis
540 1675 668 1714 numeros
691 1673 823 1714 annorum
843 1660 877 1714 ab
900 1675 927 1713 u.
952 1675 976 1713 c.
999 1657 1066 1714 sub-

163 1743 237 1812 didi,
255 1759 324 1813 quos
340 1742 509 1810 Hieronymo
525 1742 627 1797 addere
644 1741 765 1813 placuit,
790 1757 896 1813 eosque
912 1741 1066 1813 simplices,

162 1827 209 1880 ubi
226 1826 365 1882 editiones
385 1824 558 1895 conspirare,
574 1827 741 1896 complures,
756 1823 805 1880 nbi
819 1825 929 1880 variare
945 1825 1018 1879 inter
1034 1839 1067 1879 sc

162 1908 300 1966 videbam,
338 1909 412 1964 'Eius
428 1908 501 1963 modi
520 1923 648 1963 numeros
664 1907 853 1963 consulatibus
871 1908 962 1962 linitos
979 1907 1067 1963 Tran-

111 2040 114 2046 ,
165 1991 283 2063 quillus,
306 1998 336 2047 ut
352 1993 479 2061 integrae
497 1991 571 2046 vitae
588 1991 792 2061 demonstrant,
813 2007 879 2047 raro
901 1990 1066 2062 prodiderut

163 2074 240 2144 ipse;
255 2077 406 2147 plerosque
423 2073 607 2142 Hieronymus
623 2074 783 2145 adscripsit,
799 2074 857 2130 suis
874 2073 1067 2131 ratiocinatio·

164 2156 245 2212 nibus
263 2174 328 2214 usus
349 2173 488 2230 persaepe
503 2157 547 2212 vel
569 2173 665 2212 errore
681 2159 726 2212 vel
749 2157 928 2214 testinatione
944 2156 1065 2214 vitiosis.

166 2237 225 2304 Qua
246 2239 280 2295 de
300 2257 330 2294 re
351 2241 456 2295 liitsclrl
474 2240 501 2297 in
522 2239 651 2310 Parergis
672 2257 698 2311 p.
718 2246 770 2301 623
783 2247 819 2297 et
832 2257 885 2297 van
901 2239 1012 2296 Heusde
1037 2241 1066 2295 in

164 2321 290 2392 Epistola
308 2322 341 2377 de
357 2322 463 2377 Lucilio
479 2339 505 2393 p.
522 2327 538 2382 7
555 2330 680 2392 egerunt.

237 2404 310 2470 Quot
347 2404 428 2461 libris
463 2405 638 2477 Tranquillus
674 2407 798 2463 illustres
827 2407 905 2463 uiros
940 2402 1067 2477 perscri-

164 2489 269 2562 pserit,
299 2505 389 2560 neque
421 2487 542 2545 aSuidu
571 2489 709 2559 proditum
732 2497 775 2546 est
803 2507 892 2561 neque
923 2489 1067 2544 coniectu-

163 2573 203 2627 ris
221 2571 425 2643 investigatum.
470 2571 529 2628 Hoc
550 2578 653 2629 tantum
681 2589 732 2645 pro
759 2580 837 2629 cerlo
866 2574 1004 2630 affirmare
1029 2571 1066 2627 li-

165 2660 225 2721 cet,
257 2661 369 2727 praeter
394 2656 570 2727 superstitem
598 2657 722 2713 libellum
746 2657 793 2727 qui
819 2657 854 2714 de
875 2654 1068 2713 Grammaticis

165 2743 194 2792 et
214 2737 375 2793 rhetoribus
399 2743 457 2805 est,
481 2739 608 2811 singulos
632 2741 721 2796 libros
752 2739 839 2796 luisse
872 2741 906 2796 de
939 2738 1066 2795 Oratori*

163 2820 232 2889 bus,
257 2820 292 2874 de
314 2815 465 2894 Poetis⁶¹)‚
494 2823 528 2876 de
556 2822 714 2879 Historicis.
761 2823 856 2895 Neque
879 2829 970 2880 tamen
1000 2839 1066 2878 oau-

164 2919 223 2958 sam
247 2902 330 2974 uideo
351 2902 497 2973 idoneam,
526 2922 575 2962 our
605 2907 730 2977 reliquos
760 2908 931 2978 scriptores,
964 2913 994 2960 nt
1023 2906 1069 2961 iu-

164 2987 348 3042 risconsultos
384 3004 416 3042 ac
449 2987 566 3043 maxime
596 2989 780 3060 philosophos
809 2990 959 3046 lllustrium
987 2988 1067 3046 uiro·

164 3085 224 3124 rum
250 3069 439 3140 appellatione
466 3076 494 3124 ot
519 3072 626 3127 honore
647 3073 772 3142 privates
800 3073 995 3144 alranquillo
1017 3089 1068 3127 ex-

161 3215 362 3228 -ι--ι

232 3279 280 3346 61)
296 3283 387 3334 Poetae
404 3282 503 3332 duobus
519 3283 590 3334 libris
608 3288 738 3352 expositos
754 3285 835 3336 fuisse
852 3286 992 3336 Mommsen
1011 3283 1067 3349 opi-

163 3359 246 3412 nator,
264 3353 342 3402 altero
363 3353 449 3417 epicos
465 3359 489 3400 et
504 3352 608 3415 lyricos,
626 3355 703 3406 altero
720 3355 908 3407 comoediarum
927 3362 951 3403 et
963 3361 1066 3419 tragoe-

163 3418 263 3468 diarum
280 3421 452 3471 elmintonam
470 3421 614 3486 scriptores.
