2438 3872
494 180 600 228 orvus
619 181 732 230 rurus.
1054 169 1117 232 237

124 345 279 396 statuarum
295 344 323 394 et
338 335 490 411 imaginum
506 336 567 394 eius
581 335 759 396 multitudine
775 355 810 397 ac
828 337 915 397 titulis
937 354 991 415 per
1013 345 1116 396 utram·
1140 337 1143 345 '

126 437 182 499 que
197 417 385 498 provinciam.

186 503 258 564 Post
272 500 414 582 stipendia
429 500 495 562 loro
512 519 631 581 operam
647 503 735 580 dedit,
749 503 901 564 honestam
922 506 1014 580 magis
1032 521 1115 582 quam

123 587 282 663 assiduam,
305 584 466 664 codemque
485 594 618 666 tempore
647 589 818 650 Arrecinam
836 586 1009 663 Tertullam,
1033 596 1114 665 patre

98 680 171 751 teq.
191 671 228 731 ll.
251 669 304 730 sed
326 668 478 749 praelecto
501 670 643 749 quondam
671 672 917 750 praetorianarum
944 670 1114 748 cohortium,

122 755 204 816 duxit
219 771 339 814 uxorem
351 753 419 812 etin
431 752 585 815 deiunctae
596 754 692 816 locum
704 755 839 815 lilarciam
850 754 1006 815 Furnillam
1019 755 1115 834 splen·

122 838 180 900 didi
194 840 327 915 generis;
343 853 407 898 cum
424 855 490 915 qua,
505 837 616 898 sublata
632 839 700 915 lilia,
716 838 868 898 divortium
883 839 962 899 lecit.

187 922 234 982 llx
255 929 428 1000 quaesturae
443 919 548 982 deinde
563 921 675 982 honore
690 922 801 1000 legioni
817 923 1021 1002 praepositus,
1037 923 1115 984 'lari-

123 1007 212 1068 cheas
227 1014 256 1066 et
271 1005 415 1068 Gamalam
431 1003 518 1065 urbes
535 1004 659 1066 Iudaeae
677 1005 868 1067 validissimas
887 1009 916 1066 in
942 1016 1116 1086 potestatem

85 1105 113 1146 ao
124 1091 253 1168 redegit,
275 1106 351 1168 equo
374 1088 495 1167 quadam
516 1090 580 1149 acie
598 1089 651 1150 suh
668 1089 821 1150 feminibus
837 1093 943 1151 amisso
964 1091 1115 1170 alteroque

122 1177 270 1250 inscenso,
289 1174 369 1234 ouius
386 1180 486 1232 rector
503 1173 581 1233 cirea
598 1192 630 1234 se
648 1173 786 1234 dimicans
803 1175 990 1236 occubuerat.

184 1256 275 1319 Galba
289 1273 358 1316 mox
372 1264 490 1316 tenente
506 1275 567 1316 rem
585 1275 614 1336 p.
631 1259 735 1318 missus
751 1258 786 1319 ad
807 1259 1019 1338 gratulandum,
1046 1279 1114 1339 qua·
1131 1268 1146 1320 5

123 1361 179 1422 qua
198 1343 255 1401 iret
276 1339 419 1400 conuertit
438 1341 589 1418 homines,
614 1343 695 1420 quasi
718 1343 880 1421 adoptionis
904 1345 997 1420 gratia
1018 1361 1115 1404 arces·

123 1435 246 1487 seretur.
296 1423 355 1484 Sed
383 1422 432 1483 ubi
452 1425 561 1485 turbari
584 1444 683 1485 rursus
707 1435 809 1486 cuncta
839 1430 944 1505 sensit,
976 1427 1052 1487 redit
1079 1447 1117 1486 ex

85 1511 245 1584 utitincre,
262 1507 398 1585 aditoque
413 1507 542 1586 Paphiae
558 1509 683 1569 Veneris
698 1509 832 1586 oraculo,
857 1509 920 1568 dum
940 1511 976 1571 de
997 1513 1115 1589 nariga-

122 1595 202 1654 tione
218 1590 359 1668 consulit,
376 1593 461 1651 etiam
477 1591 512 1651 de
528 1593 642 1672 imperii
659 1611 713 1673 spe
734 1594 918 1654 confirmatus
940 1603 994 1653 est.
1029 1593 1117 1655 Cuius

121 1677 206 1737 brevi
224 1693 361 1755 compos,
382 1684 411 1735 et
427 1675 462 1738 ad
479 1676 701 1754 perdomandam
714 1676 848 1737 Iudaeam
863 1677 998 1754 relictus,
1021 1680 1116 1738 novis·

1 1783 2 1786 ¹
88 1781 94 1788 ·
123 1763 195 1820 sima
206 1758 475 1835 Hierosolymorum
486 1763 705 1839 oppugnatione
717 1760 869 1824 duodecim
882 1772 1116 1840 propugnatores

122 1843 241 1906 totidem
256 1845 424 1921 sagittarum
438 1845 566 1906 coniecit
581 1843 700 1922 ictibus,
725 1847 860 1924 cepitque
878 1863 912 1905 ea
933 1845 1020 1905 natali
1041 1845 1116 1906 {iliae

83 1937 113 1979 2⁰
123 1945 195 1988 suae
210 1937 288 1988 tanto
303 1928 421 1987 militum
436 1927 543 2006 gaudio
559 1947 593 1989 ac
609 1929 721 2004 lavore,
735 1939 765 1988 ut
780 1931 807 1988 in
823 1929 1015 2006 gratulatione
1027 1929 1116 2008 impe·

12 2069 14 2074 ,
53 2023 54 2026 ’
122 2021 249 2072 ratorem
264 2027 328 2071 eum
344 2011 588 2072 consalutauerint
604 2021 632 2072 et
647 2011 768 2072 subinde
790 2012 981 2073 decedentem
1001 2015 1117 2093 prouin-

124 2097 169 2156 cia
188 2095 374 2172 detinuerint,
402 2095 573 2174 suppliciter
587 2114 643 2156 neo
663 2113 721 2157 non
741 2105 771 2155 et
789 2097 939 2158 minaciter
956 2097 1116 2176 efflagitan-

123 2189 185 2255 tes,
207 2188 254 2238 aut
279 2188 444 2240 remaneret
473 2188 521 2239 aut
552 2197 650 2239 secum
677 2182 769 2239 omnis
802 2181 911 2260 pariter
948 2181 1116 2243 abduceret.

123 2262 208 2326 Unde
223 2273 288 2322 nata
305 2265 432 2343 suspicio
448 2272 503 2340 cst,
519 2265 599 2342 quasi
617 2263 786 2324 desciscere
802 2281 818 2324 a
835 2273 916 2342 patre
933 2264 1117 2344 Orientisque

84 2357 113 2399 2⁵
125 2365 247 2425 regnum
266 2347 319 2406 sibi
333 2347 480 2408 vindicare
496 2356 681 2426 temptasset;
706 2365 790 2427 quam
811 2351 1006 2427 suspicionem
1029 2352 1117 2426 auxit,

54 2502 55 2506 η
123 2440 278 2511 postquam
290 2431 494 2492 Alexandriam
507 2440 611 2511 petens
622 2433 650 2491 in
666 2431 866 2492 consecrando
879 2431 955 2512 apud
962 2431 1118 2512 Memphim

84 2540 88 2544 ·
122 2516 202 2576 bove
216 2515 312 2594 Apide
329 2515 457 2574 diadema
478 2517 620 2593 gestavit,
642 2515 678 2575 de
694 2534 775 2575 more
792 2515 907 2593 quidem
923 2519 1038 2594 rituque
1062 2519 1118 2595 pri·

124 2617 194 2660 scae
209 2599 376 2677 religionis;
393 2599 445 2658 sed
459 2617 518 2658 non
530 2599 649 2660 deerant
661 2603 708 2678 qui
722 2601 838 2678 sequius
851 2601 1119 2678 interpretarentur.

125 2684 222 2759 Quare
240 2683 380 2743 festinans
401 2684 430 2742 in
444 2681 564 2760 ltaliam,
580 2701 643 2744 cum
656 2684 790 2760 Regium,
806 2682 873 2743 dein
890 2683 1028 2745 Puteolos
1050 2701 1119 2743 one·

87 2769 199 2828 aoraria
215 2785 289 2826 nave
304 2766 474 2847 appulisset,
491 2767 612 2828 Romam
629 2766 695 2826 inde
717 2766 864 2827 contendit
887 2767 1120 2847 expeditissimus

124 2852 342 2930 inopinantique
359 2851 449 2931 patri,
466 2851 545 2912 velat
560 2870 685 2930 arguens
700 2868 843 2911 rumorum
864 2851 900 2912 de
921 2871 953 2912 se
974 2855 1118 2913 temerita-

123 2944 192 3011 tem,
216 2932 291 2996 Vena'
305 2936 405 3014 inquit,
417 2942 521 3013 poter,
539 2938 618 2997 oeni.
649 2936 751 3015 Neque
768 2955 805 2996 ex
821 2954 858 2996 eo
874 2936 984 2997 destitit
1004 2939 1151 3017 particio

124 3037 191 3098 pem
210 3027 297 3098 atque
313 3019 396 3080 etiam
411 3027 536 3080 tutorem
553 3022 666 3100 imperii
686 3039 787 3099 agere.
1127 3052 1131 3060 ·

187 3103 385 3181 Triumphauit
402 3112 464 3162 cum
485 3113 568 3182 patre
590 3122 798 3184 censuramque
812 3103 913 3184 'gessit
931 3123 1003 3182 una,
1026 3105 1119 3166 eidem

88 3186 243 3265 ucotlega
259 3197 287 3247 et
303 3189 331 3247 in
352 3186 503 3248 tribunicia
525 3197 670 3268 potestate
691 3199 720 3249 et
739 3190 769 3248 in
788 3199 902 3270 septem
924 3188 1120 3250 consulatibus

124 3273 193 3340 luit3
209 3280 388 3351 receptaque
406 3271 489 3332 adse
507 3291 601 3353 prope
621 3273 745 3334 omnium
765 3274 926 3334 officiorum
949 3291 1018 3333 cura
1038 3274 1119 3352 (cum

124 3357 215 3434 patris
231 3357 347 3416 nomine
363 3363 393 3415 et
409 3355 550 3436 epistolas
565 3360 629 3436 ipsc
645 3356 768 3418 dictaret
783 3367 814 3418 ct
836 3357 930 3418 edicta
953 3356 1118 3416 conscribe·

117 3447 170 3500 ter
189 3441 395 3520 orationesque
415 3441 444 3499 in
466 3450 567 3502 senatu
588 3442 726 3502 recitaret
748 3441 833 3500 etiam
855 3443 1018 3520 quaestoris
1037 3441 1118 3519 tice)

1 3451 2 3454 Ὺ
106 3509 172 3582 aa
