2438 3872
148 143 209 206 240
233 155 264 204 c.
278 154 429 204 sunrour
445 155 573 215 ranno.
586 155 635 202 on
650 155 736 202 vrrs
752 113 935 202 onnsu'uuu
946 156 1015 201 nun.
1029 155 1107 203 vur.

147 328 227 388 nam,
254 312 356 389 partim
376 309 468 369 subici
486 327 521 369 ac
542 311 642 368 venire
658 310 824 387 imperarit,
848 311 999 388 partimin
1021 311 1148 388 asperri-

147 412 209 454 mas
225 394 381 454 insularum
397 392 491 452 avehi.
526 393 622 470 thue
637 395 723 454 etiam
739 392 843 452 similia
865 393 1040 471 quandoque
1065 412 1147 454 ausu·

145 496 197 538 ros
214 488 358 557 perpetuo
378 487 542 554 coerceret,
558 478 648 537 vetuit
662 479 737 536 inter
753 486 852 536 cetera
867 476 903 535 de
920 477 1022 536 eadem
1038 496 1073 536 re
1086 479 1146 558 plu·

146 561 226 622 ribus
242 563 357 640 legibus
373 563 438 640 egi,
456 564 596 640 quaeriue
611 561 648 620 de
665 563 832 638 cuiusquam
848 559 1050 621 defunctorum
1073 572 1147 623 statu

146 646 222 706 ultra
240 657 337 707 certos
352 663 452 708 annos.
1157 670 1168 709 s

116 737 136 793 9
209 731 408 792 Pontificatum
424 731 575 789 maximum
590 729 658 790 ideo
675 749 707 790 se
724 730 878 809 professus
894 731 1032 808 accipere
1048 740 1081 790 ut
1096 749 1146 810 pu-

145 831 193 874 ras
209 824 342 875 servaret
356 832 471 890 manus,
488 813 572 872 iidem
589 815 747 893 praestitit,
763 831 818 874 nec
836 823 937 874 auctor
956 812 1082 892 posthac
1098 833 1146 874 cu·

145 900 277 978 iusquam
299 901 380 958 necis
402 916 457 957 nec
482 898 636 973 conscius,
664 901 795 975 quamvis
822 896 962 958 interdum
985 897 1147 958 ulciscendi

147 1001 233 1042 causa
252 1000 309 1041 non
328 983 458 1058 deesset,
483 981 534 1040 sed
545 981 719 1059 periturum
734 999 768 1042 ce
778 981 885 1060 potius
901 998 994 1060 quum
1005 981 1146 1059 perditu-

144 1085 214 1126 rum
226 1066 367 1127 adiurans.
392 1065 473 1124 Duos
486 1067 598 1142 patricii
610 1067 727 1142 generis
741 1069 892 1125 convictos
906 1065 935 1125 in
949 1065 1178 1130 adfectationem

145 1151 275 1228 imperii,
298 1149 366 1209 nibil
389 1149 509 1227 amplius
531 1167 615 1228 quam
635 1158 665 1207 ut
686 1148 861 1209 desisterent
887 1151 1009 1227 monuit,
1034 1150 1147 1220 docens

144 1234 354 1311 principatum
366 1231 436 1310 suto
453 1230 535 1308 dori,
553 1235 577 1292 si
594 1233 661 1312 quid
677 1242 832 1311 preeterea
849 1232 1060 1310 desiderarent,
1078 1253 1147 1314 pro·

144 1317 260 1376 mittens
283 1334 316 1377 se
340 1320 523 1385 tributurum;
546 1326 575 1376 et
598 1317 752 1377 confestim
767 1315 883 1394 quidem
902 1317 937 1377 ad
953 1317 1073 1378 alterius
1088 1336 1147 1378 ma·

145 1409 231 1476 trem,
248 1418 322 1478 quae
337 1401 440 1479 procul
461 1399 579 1478 aberet,
605 1418 743 1460 cursores
764 1417 833 1460 suos
854 1403 946 1478 misit,
970 1403 1018 1479 qui
1043 1403 1149 1462 anxiae

55 1560 57 1564 y
146 1483 256 1543 salvum
270 1486 357 1545 fllium
373 1485 550 1561 nuntiarent,
573 1479 700 1545 ceterum
714 1488 797 1563 ipsos
819 1502 877 1544 non
898 1485 992 1546 solum
1011 1485 1181 1549 familiario
1205 1523 1206 1542 1

146 1585 255 1643 caenae
277 1568 419 1646 adhibuit,
442 1568 494 1628 sed
512 1578 540 1628 et
563 1569 726 1648 insequenti
751 1569 797 1628 die
818 1569 1010 1646 gladiatorum
1030 1579 1147 1648 specta·

146 1651 211 1711 culo
227 1654 306 1714 circa
321 1671 353 1713 se
368 1672 405 1712 ex
424 1651 564 1732 industria
587 1652 749 1713 conlocatis
776 1653 875 1714 oblate
894 1652 948 1712 sibi
971 1653 1150 1714 ferramenta

47 1776 49 1781 -
144 1740 329 1814 pugnantium
356 1735 537 1815 inspicienda
563 1738 703 1815 porrexit.
755 1736 867 1798 Dicitur
895 1739 998 1813 etiam,
1028 1739 1149 1816 cognita

144 1821 291 1898 utriusque
302 1822 445 1898 genitura,
458 1819 615 1880 imminere
627 1819 776 1882 ambobus
785 1821 1147 1900 periculumadiiimasse,

142 1920 248 1964 oerum
263 1905 449 1984 quaudoque
464 1903 547 1964 etad
564 1905 627 1966 ulio
636 1929 651 1975 ,·
668 1906 742 1963 sicut
759 1906 865 1964 evenit.
1156 1926 1180 1966 m

207 1986 338 2048 Fratrem
354 1987 480 2048 insidiari
499 1989 554 2048 sibi
568 2006 625 2048 non
641 1987 831 2064 desinentem,
850 1987 902 2048 sed
914 2006 1009 2066 paene
1023 2008 1061 2049 ex
1076 2007 1146 2068 pro-

143 2070 224 2130 fesso
240 2072 441 2132 sollicitantem
457 2073 614 2148 exercitus,
631 2072 814 2132 meditantem
837 2073 951 2150 fugam,
975 2091 1070 2151 neque
1094 2091 1145 2134 oc·

144 2153 243 2214 cidere
260 2173 356 2234 neque
373 2173 519 2234 seponere
535 2175 569 2216 ac
590 2175 627 2216 ne
648 2157 676 2215 in
696 2157 808 2216 minore
828 2155 941 2235 quidem
963 2155 1076 2218 bonore
1095 2156 1146 2218 ha·

142 2235 215 2296 bere
234 2241 380 2316 sustinuit,
397 2240 465 2317 sed,
483 2250 543 2300 uta
561 2241 653 2319 primo
668 2241 781 2318 imperii
793 2239 868 2318 die,
891 2250 1057 2301 consortem
1078 2259 1145 2302 suc·

143 2339 351 2402 sessoremque
367 2326 467 2383 testari
483 2328 694 2402 perseveravit,
709 2340 920 2403 nonnumquam
936 2333 1055 2386 secreto
1074 2342 1144 2404 pre·
1154 2350 1178 2390 m

143 2406 224 2466 cibus
247 2417 276 2467 et
297 2408 423 2468 lacrimis
442 2426 544 2485 orans,
566 2414 601 2468 ut
620 2407 743 2470 tandem
762 2414 867 2469 mutuo
889 2425 966 2488 erqo
988 2426 1023 2469 sc
1040 2410 1146 2472 aniano

100 2491 235 2574 lbociiet
249 2509 325 2552 cecc.
357 2492 436 2553 lnter
454 2491 527 2552 haec
543 2502 635 2552 morte
651 2499 828 2572 praeventus
843 2500 904 2570 est,
927 2493 1037 2554 maiore
1053 2493 1145 2554 bomi-

141 2595 207 2636 num
225 2575 326 2637 demno
343 2593 426 2655 quam
441 2592 504 2636 suo.

36 2660 38 2664 ’
206 2660 389 2738 Spectaculis
406 2659 555 2738 absolutis,
573 2663 601 2720 in
618 2676 738 2738 quorum
754 2661 810 2720 fine
823 2660 933 2739 populo
947 2677 1046 2721 coram
1057 2662 1144 2722 uber·

141 2745 190 2802 tim
205 2741 338 2820 fleverat,
353 2743 477 2804 Sabinos
492 2746 564 2824 petit
578 2745 725 2822 aliquanto
741 2745 860 2820 tristior,
877 2744 955 2822 quod
967 2746 1178 2812 sacrificantia>

140 2826 236 2886 hostia
253 2827 405 2904 aufugerat
428 2829 564 2907 quodque
584 2838 757 2906 tempestate
782 2846 886 2888 serena
908 2837 1051 2888 tonuerat.
1083 2829 1142 2888 De·

141 2909 206 2969 inde
224 2909 257 2969 ed
277 2913 397 2988 primam
411 2914 503 2972 statim
517 2914 695 2973 mansionem
711 2913 815 2973 febrim
830 2920 966 2990 nanctus,
978 2931 980 2934 ·
990 2931 1055 2973 cum
1074 2913 1143 2973 inde

141 2991 248 3054 lectica
262 2996 477 3074 transferretur,
498 2999 667 3076 suspexisse
683 2997 786 3058 dicitur
802 2997 917 3056 dimotis
939 2995 1057 3075 pallulis
1072 3015 1140 3059 cae·

140 3077 207 3155 lum,
224 3077 399 3158 multumque
415 3091 591 3158 conquestus
610 3081 691 3159 eripi
704 3080 766 3142 eibi
780 3079 876 3141 vitum
891 3081 1052 3143 immerenti
1056 3107 1070 3154 ,·
1088 3100 1141 3142 oe·

139 3178 197 3240 quc
212 3163 290 3224 enim
306 3169 416 3225 ectore
429 3163 525 3225 ullum
540 3183 628 3226 suum
638 3164 757 3243 foetum
764 3164 993 3242 poenitendum,
1010 3172 1141 3244 eccepto
1150 3187 1175 3229 as

140 3246 212 3306 dum
227 3253 403 3309 tucotuno.
440 3246 472 3307 ld
494 3249 579 3328 quale
601 3251 701 3327 luerit,
726 3267 820 3328 neque
841 3251 905 3327 ipse
927 3257 997 3323 tuno,
1015 3249 1142 3329 prodidit

139 3347 235 3407 neque
252 3332 384 3408 cuiquem
398 3332 486 3392 facile
508 3343 666 3394 succurrat.
699 3333 819 3409 Quidam
839 3333 992 3412 opinantur
1017 3351 1140 3394 consue-

138 3411 265 3472 tudinem
281 3415 479 3492 recordatum,
500 3433 582 3494 quam
604 3434 667 3475 cum
685 3417 782 3476 fratris
802 3434 895 3476 uxore
916 3415 1066 3488 habuerit;
1088 3417 1142 3478 sed
