2416 3876
108 221 169 284 294
374 230 404 288 o.
426 229 590 279 suuronn
611 227 826 288 rennuerunt

107 385 201 450 aliena
224 386 350 466 prosuis
374 386 464 446 edere
489 403 541 445 seu
566 383 748 464 percipiendi
779 382 955 444 Graecorum
984 384 1115 444 instituta

107 467 280 551 moresque,
303 487 377 549 quos
400 487 458 529 non
475 469 595 549 perinde
618 470 793 548 exprimeret
814 469 989 547 inscriptis,
1012 487 1115 546 egres·
1162 471 1165 476 '

28 585 38 610 s
58 595 79 638 t,
106 575 157 618 sus
180 565 225 616 est
247 572 343 634 nequo
365 555 486 633 amplius
508 539 681 708 rediltslle
703 561 795 613 morte
817 554 879 612 eius
896 552 1047 613 Vulcatius
1072 553 1115 613 sio

32 665 43 674 ··
107 640 210 701 tradit.
411 641 418 660 “
959 669 964 674 -

262 728 320 784 Sed
332 733 361 784 ot
372 727 444 800 Afer
454 728 559 800 populo
573 741 626 783 sen
639 727 793 783 comoedias
806 727 886 795 dente,
1127 763 1144 805 5

259 811 319 868 Iter
331 812 396 868 bino
411 814 439 868 in
454 813 548 868 Asiam
559 810 628 885 fecit
639 817 677 882 et,
694 825 792 868 nonem
806 818 836 865 nt
848 812 932 867 sernel

261 895 431 960 Conscendit,
448 899 521 952 ursus
535 913 686 968 numquam
699 901 754 958 est:
772 897 812 950 sic
827 897 880 951 nita
897 903 985 952 vocat.

109 974 229 1049 Quintus
247 974 409 1037 Cosconius
424 976 592 1036 redeuntem
609 994 625 1035 e
641 974 763 1036 Graecia
786 975 900 1053 perisse
917 976 944 1034 iu
964 976 1036 1035 mari
1048 993 1118 1036 oum

109 1057 142 1119 G.
166 1069 194 1119 et
215 1059 292 1121 Vlll.
319 1061 424 1120 tabulis
452 1061 601 1120 conversis
622 1057 832 1134 alienandro,
856 1060 948 1126 ueteri
969 1069 1118 1120 mortuum

109 1161 176 1204 esse
197 1145 225 1201 in
241 1143 365 1205 Aroania
386 1143 546 1222 Stymphali
569 1146 630 1203 sive
651 1142 813 1204 Leucadiae
832 1143 945 1204 tradunt
961 1141 1021 1205 CN.
1038 1142 1116 1204 Gor·
1128 1165 1154 1210 tt

107 1227 186 1286 nelio
208 1226 363 1288 Dolabella
387 1227 423 1287 Μ.
446 1226 548 1288 Fulvio
569 1226 722 1287 Nobiliore
736 1225 919 1305 oonsulibus,
943 1229 1046 1288 morbo
1063 1231 1116 1288 irn-

109 1310 238 1390 plioitum
256 1329 293 1370 ex
315 1311 418 1372 dolore
435 1329 470 1371 ao
485 1311 581 1371 taedio
598 1314 765 1372 amissarum
779 1313 967 1384 sarcinarum,
994 1331 1069 1392 quas
1087 1315 1118 1372 in

107 1412 210 1456 navem
225 1396 432 1473 praemiserat,
448 1412 482 1454 ao
495 1395 577 1454 simul
596 1394 754 1456 tabularum
773 1412 844 1472 quas
858 1403 950 1456 noras
966 1397 1092 1457 iecerat.

50 1483 80 1552 Γ
191 1477 294 1539 Fuisse
310 1480 414 1540 dieitur
431 1478 572 1550 mediocri
586 1489 710 1555 statura,
726 1479 828 1557 gracili
847 1497 991 1560 corpore,
1008 1481 1114 1541 colore

107 1563 201 1624 lusco.
235 1563 362 1643 Reliquit
377 1563 477 1639 lilium,
497 1581 572 1642 quae
589 1573 656 1641 post
674 1561 902 1644 equitiRomano
920 1566 1026 1643 nupsit,
1041 1565 1114 1624 item
1128 1583 1158 1626 ιε

22 1683 27 1694 ·
107 1646 240 1707 hortulos
252 1647 317 1709 XX.
335 1649 466 1725 iugerum
483 1649 529 1707 via
545 1647 641 1726 Appia
654 1648 690 1709 ad
702 1646 800 1707 Martis
815 1648 922 1709 villam.
941 1648 1006 1722 Quo
1019 1649 1115 1726 magis
1161 1722 1164 1726 ¹

107 1732 196 1792 miror
212 1730 346 1792 Porcium
361 1731 508 1792 seribere:

174 1818 265 1892 Scipio
280 1820 348 1876 nibil
355 1821 481 1894 profuit,
498 1821 567 1876 nibil
578 1821 701 1892 Laelius,
717 1820 785 1876 nibil
797 1821 913 1891 Furius,

105 1977 108 1985 1
172 1903 241 1960 Tres
252 1919 307 1976 per
319 1905 349 1960 id
362 1912 467 1978 tempas
479 1902 529 1978 vpni
544 1905 684 1978 upitabunt
696 1905 797 1960 nobiles
808 1902 950 1977 facillime.

167 1988 273 2044 Eorum
286 1991 331 2044 ille
344 2003 432 2068 opero
447 2003 482 2046 ne
498 1990 607 2046 domum
621 1989 728 2062 quidem
741 1987 834 2044 babuit
846 1988 1051 2057 conducticiam,
1126 2005 1155 2046 eo

168 2069 270 2128 Saltem
284 2081 314 2128 nt
327 2078 398 2128 esset
410 2090 464 2146 pno
478 2073 601 2145 referret
614 2073 712 2130 obitum
727 2073 829 2129 domini
839 2073 974 2129 seruulus.

45 2212 51 2224 ¹
75 2202 82 2212 ,
191 2149 273 2211 Hono
296 2151 431 2212 Afranius
455 2152 569 2232 quidem
590 2152 721 2212 omuibus
738 2152 856 2212 oomiois
871 2149 1017 2230 praefert,
1039 2153 1114 2212 sori·

105 2233 180 2296 bens
195 2235 223 2292 in
241 2232 467 2312 Compitalibus:
944 2238 947 2242 '

173 2322 298 2380 Terentio
312 2340 367 2379 non
382 2326 495 2380 similem
512 2325 605 2381 dicens
619 2339 785 2398 qnempmm.

106 2402 255 2464 Valentius
273 2413 366 2464 autern
383 2421 440 2464 non
456 2403 549 2465 solum
563 2403 676 2464 Naevio
689 2412 719 2463 et
734 2403 834 2464 Plauto
850 2412 879 2462 et
897 2399 1041 2478 llaeoilio,
1057 2402 1116 2464 sed
1127 2422 1159 2465 as

106 2484 215 2546 licinio
232 2505 350 2567 quoque
367 2497 396 2546 et
410 2487 499 2547 Atilio
518 2488 678 2568 postponit.
714 2485 819 2547 Cicero
835 2487 864 2546 in
877 2485 996 2546 Limone
1011 2483 1116 2548 hacte-

107 2587 160 2629 nus
177 2572 289 2632 laudat:
672 2626 674 2631 .

173 2660 214 2716 Tu
228 2675 348 2734 quoqne,
363 2663 411 2733 qni
425 2661 498 2716 solus
513 2662 578 2717 lecto
599 2674 740 2727 sermone,
760 2658 876 2728 Terenti,

170 2743 335 2800 Conversum
347 2759 566 2818 expressumque
579 2746 679 2800 Latino
697 2759 762 2800 uoce
776 2738 963 2799 Menandrum

170 2825 207 2882 In
223 2829 340 2885 medinm
354 2830 430 2884 nobis
444 2829 545 2885 sedetis
559 2829 669 2887 eoolbem
683 2829 777 2902 effers,
1127 2860 1157 2901 Μ

172 2910 306 2978 Quidnam
324 2928 399 2969 come
413 2915 541 2986 loquens,
556 2920 637 2986 atque
652 2914 745 2969 omnio
759 2912 851 2967 dulcia
866 2910 965 2965 dicens.

107 2988 179 3050 Item
195 2986 227 3050 0.
244 2988 369 3052 Caesar:

174 3079 216 3134 Pu
229 3096 337 3154 quoqne
351 3088 381 3136 tn
395 3083 424 3137 in
440 3083 565 3147 summis,
584 3097 600 3137 o
614 3081 751 3136 dimidiare
764 3079 928 3150 Menander,

172 3163 302 3234 Poneris,
317 3171 343 3221 et
356 3167 465 3235 mer-ito,
474 3166 545 3238 puri
557 3165 693 3222 sermonis
708 3169 825 3219 amator.

168 3248 286 3304 Lenibus
298 3257 379 3322 etque
391 3251 494 3305 annom
504 3251 614 3321 seraptis
631 3249 762 3310 adiuncto
773 3248 851 3320 foret
865 3249 913 3315 on,
1128 3277 1156 3321 δ,

171 3330 278 3387 Oomtcu
294 3338 324 3388 nt
337 3341 453 3404 aequato
467 3337 553 3390 uirtus
571 3333 689 3402 polleret
700 3332 805 3389 bonore

169 3411 237 3468 Gom
249 3413 362 3472 Graecis
376 3431 442 3472 neve
461 3416 516 3471 bno
529 3416 672 3485 despectus
682 3421 767 3487 parte
780 3418 901 3472 lacerer!

77 3542 93 3562 κ
176 3493 263 3550 Unum
281 3497 332 3552 boo
346 3511 474 3554 maceror
492 3514 528 3554 oc
545 3499 620 3554 doleo
635 3499 682 3554 tibi
695 3499 801 3570 deesse,
811 3498 935 3554 Terenti.
