2408 3870
447 151 656 200 PRAEFATIO.
908 155 999 203 xxm

143 305 336 366 blemmie‘num
349 310 474 367 codicem
487 312 604 367 omnium
619 310 664 382 qui
681 317 799 368 66161666
815 313 937 368 tulerunt
952 314 997 370 in-

64 391 263 464 tegerrimum
280 409 359 460 esse,
381 395 414 448 eb
433 394 514 466 initio
537 410 632 450 omnes
654 395 855 451 intellexerunt
870 402 897 451 et
914 414 998 468 prue-

68 477 260 532 dicuveruut.
306 476 363 531 Sed
387 483 476 534 166666
497 478 650 534 cavendum
668 484 711 534 est
726 495 761 534 ue
784 479 894 535 nimiam
909 481 943 536 de
960 496 997 537 eo

70 559 325 632 exspectationem
347 561 537 633 concipiemus
560 568 588 616 et
608 561 732 633 reliquos
754 577 821 634 pree
843 579 878 619 eo
901 580 997 620 omues

69 649 301 700 contemnamus.
346 643 447 700 Errant
468 646 541 700 enim
563 661 623 701 eum
642 645 781 702 llicberdo
799 647 926 702 Bentleio
949 647 996 719 qui

69 727 274 783 Suetonianos
301 727 414 784 6661666
440 729 474 784 66
500 745 581 785 unum
596 746 704 785 ¹omnes
726 745 762 784 ex
784 731 838 785 hoo
861 736 997 802 temonem

73 809 217 882 primerio
235 817 351 883 parente
366 817 445 868 nutos
463 813 620 868 voluerunt.
666 813 705 868 Eu
721 811 817 884 opinio
833 814 904 870 6666
923 815 995 872 sulse

75 899 123 949 661
144 899 178 948 61
198 910 233 948 66
250 911 332 950 unum
347 895 458 966 quidem
478 895 595 966 librum,
620 903 696 952 certe
722 911 818 952 eorum
839 898 874 953 de
896 898 996 969 quibus

73 983 210 1047 constet,
233 977 319 1035 licent
339 995 375 1034 ex
392 995 426 1035 eo
442 980 611 1051 descriptum
633 980 737 1036 dicere.
784 981 902 1037 Laborat
924 981 997 1038 enim

76 1061 162 1118 611116
185 1062 368 1133 quibusdum,
397 1079 513 1134 quorum
538 1063 626 1118 ceteri
654 1063 719 1119 libri
745 1079 840 1120 omnes
862 1071 996 1137 expertes

76 1152 154 1201 sunt.
201 1144 249 1201 Sic
264 1148 414 1203 verborum
435 1148 498 1218 plus
514 1147 639 1203 minusve
662 1164 690 1219 p
709 1153 760 1217 38,
783 1153 817 1207 16
839 1151 910 1204 66116
925 1164 997 1220 per.-

74 1247 107 1301 p.
127 1231 344 1302 58,14tpsum;
363 1231 920 1311 6169,1916666166661666666666
912 1239 1038 1316 193,

75 1319 113 1372 38
86 1329 242 1394 maeno
265 1315 321 1370 iam
336 1315 463 1370 ordinum
483 1315 642 1387 frequentia
660 1317 708 1371 vice
728 1322 858 1418 repertae
873 1303 999 1387 Capitolii
1027 1332 1064 1366 ui

6 1399 8 1404 '
78 1398 190 1468 claves,
221 1399 501 1460 rememorationem
525 1389 811 1470 p.211,17statr¹m
833 1417 860 1472 p.
878 1406 946 1469 236,
961 1406 996 1458 26

77 1496 115 1535 66
133 1483 240 1552 maye,-
258 1498 286 1553 p.
302 1487 369 1552 249,
384 1487 418 1541 61
435 1483 639 1564 conspiratione
653 1482 874 1539 6661666616666
890 1485 945 1538 hoc
960 1485 995 1538 li·
1027 1488 1047 1542 ¹.
1061 1485 1105 1521 i

76 1565 145 1634 bro,
162 1565 329 1637 comperet
322 1583 350 1620 m
366 1565 483 1637 reliquis
497 1566 634 1636 omnibus,
651 1567 726 1637 quod
741 1567 802 1623 fleri
819 1567 895 1622 uullo
910 1573 994 1638 preto

80 1648 232 1719 potuisset,
248 1649 273 1704 si
287 1648 334 1703 bic
349 1648 423 1704 liber
439 1649 558 1705 omnium
573 1649 655 1720 origo
671 1651 823 1710 communis
839 1657 924 1706 66661.
951 1649 993 1704 Ao

78 1731 106 1786 61
125 1732 188 1802 quis
206 1748 260 1788 non
283 1748 319 1787 ex
340 1731 405 1804 ipso
425 1731 586 1789 llemmiuno
608 1732 724 1802 666166,
752 1735 802 1789 666
825 1751 860 1788 ex
882 1732 993 1803 gemino

79 1815 179 1885 aliquo
197 1815 312 1886 eiusque
330 1815 469 1872 simillimo
486 1815 612 1887 reliquos
628 1817 810 1872 descendisse
825 1817 943 1882 diceret,
959 1831 994 1870 ne
1092 1881 1095 1884 Δ
1154 1873 1161 1890 ‚

80 1898 107 1953 is
130 1898 241 1969 quidem
270 1906 348 1955 66616
382 1899 528 1956 iudicaret.
573 1899 687 1970 llagnus
709 1899 781 1954 euim
804 1905 847 1955 est
870 1900 994 1954 locorum

82 1995 229 2052 uumerus,
245 1982 292 2037 ubi
309 1999 370 2038 cum
384 1983 546 2039 1166661666
563 1984 639 2038 multi
656 1983 704 2038 ulii
720 1983 817 2040 666616
833 1982 993 2053 corruptele

79 2065 179 2122 6116611
194 2072 265 2121 6661.
312 2067 360 2122 Sic
375 2067 543 2122 versiculum
565 2067 610 2137 qui
626 2083 653 2138 p.
673 2071 723 2135 22,
747 2072 763 2125 6
779 2067 814 2121 de
831 2067 919 2122 tribus
936 2082 994 2120 me·

80 2149 147 2204 dius
163 2156 220 2218 est,
236 2166 290 2205 666
306 2149 484 2205 1166616666
500 2151 582 2205 modo
598 2147 781 2205 66616616161
801 2166 911 2221 quoque
926 2155 994 2208 6801

84 2238 214 2302 615804,
230 2233 372 2288 llediceus
389 2233 490 2288 tertius
506 2239 534 2288 61
555 2250 569 2288 6
584 2233 672 2306 prime
690 2250 770 2289 muno
784 2233 927 2289 lledieeus
948 2249 996 2288 se-

79 2316 190 2372 cundus
207 2314 344 2388 (primum
357 2323 424 2388 pulo
442 2317 574 2388 scriptum
591 2314 730 2391 oportuit)
748 2317 909 2385 omiserunt,
927 2331 995 2371 eun·

85 2400 148 2454 dem
167 2400 371 2456 vetustissimus
391 2400 500 2472 quidem
522 2401 688 2472 epitomator
704 2407 732 2455 61
753 2400 871 2455 1666666
894 2399 994 2454 Seres-

84 2483 275 2553 6661666163,
299 2489 331 2541 14
354 2484 572 2554 ignoraverunt,
598 2482 993 2553 166616666616111166116166
1102 2513 1105 2523 ·

81 2582 147 2620 cum
165 2567 198 2622 66
213 2567 353 2638 margines
368 2567 523 2623 1166661661
538 2567 605 2622 libri
619 2567 723 2622 alieubi
743 2565 912 2621 delitescere
928 2581 994 2637 spe-

85 2655 170 2705 66661.
198 2650 301 2706 Verum
317 2667 370 2706 nec
384 2650 540 2706 desiderari
555 2656 650 2722 potest
663 2650 712 2704 ille
729 2648 885 2705 versiculus
901 2647 994 2704 616111

86 2733 219 2789 librorum
241 2733 340 2806 generi
362 2735 489 2790 debetur.
534 2733 556 2788 E
582 2734 696 2790 diverso
711 2734 799 2788 verbo
820 2733 944 2789 insiticia
965 2733 995 2786 in

88 2816 183 2870 bonam
196 2825 316 2889 partem,
334 2834 405 2888 ques
420 2834 447 2889 p.
464 2823 523 2881 131,
539 2823 573 2876 33
590 2817 683 2872 666116
701 2816 813 2872 suntad
829 2816 995 2872 vocobulum
1101 2813 1106 2822 '

89 2906 171 2972 notos,
188 2902 365 2958 1166616666
381 2901 502 2971 itemque
515 2896 592 2956 multi
607 2900 656 2955 6111
670 2901 734 2956 libri
751 2900 928 2967 admiserunt,
944 2898 995 2956 sed

89 2991 182 3040 666661
198 3003 232 3042 66
247 2986 435 3044 additamento
451 3000 511 3040 curu
523 2984 650 3039 llediceo
666 2985 755 3056 primo
773 2983 899 3040 61166116
915 2981 994 3039 61116-

88 3085 142 3138 que
157 3070 247 3126 multis
263 3069 344 3125 libris
361 3068 499 3123 editiones
516 3083 620 3124 omnes.

147 3151 195 3207 llis
211 3153 347 3225 exemplis
363 3151 432 3208 sutis
448 3152 664 3208 demonstratum
681 3167 748 3206 esse
763 3150 890 3220 videtur,
913 3151 996 3206 llem·

90 3235 203 3292 mianum
219 3235 345 3293 codicem
360 3249 415 3290 uon
431 3251 491 3290 eum
509 3251 584 3312 esse,
601 3235 674 3290 unde
690 3241 826 3305 tamquam
844 3252 860 3288 e
875 3233 996 3305 simplici

90 3318 181 3375 radice
202 3319 373 3391 reliquorum
397 3318 531 3374 librorum
551 3319 665 3374 suboles
682 3323 764 3373 66616
785 3319 831 3373 611.
874 3318 996 3371 Fuerunt

90 3403 222 3459 onimium
238 3418 312 3460 6666
329 3402 510 3472 saeculoque
529 3401 577 3456 ille
591 3402 713 3473 scriptus
729 3401 838 3456 estetsi
857 3415 912 3456 666
928 3397 996 3455 toti-
