2412 3876
475 197 578 246 ornus
602 197 793 246 nuousnus.
1101 187 1142 248 65

132 350 340 427 convaluerat,
367 359 488 412 statuam
512 370 581 413 aere
604 353 719 414 conlato
743 355 822 414 iuxta
845 355 959 432 signum
981 352 1142 432 Aesculapi

132 443 305 498 statuerunt.
334 433 472 496 Nonnulli
490 447 601 515 patrum
616 436 784 499 familiarum
802 445 974 499 testamento
990 446 1139 514 caverunt,

133 530 165 582 ut
188 519 224 580 ab
245 518 401 581 heredibus
425 521 485 581 suis
507 523 638 600 praelato
660 521 742 581 titulo
763 524 897 582 victimae
915 524 945 582 in
969 521 1141 600 Capitolium

134 605 311 666 ducerentur
331 612 487 681 votumque
508 622 562 684 pro
586 623 619 666 se
642 606 823 684 solveretur,
856 605 933 685 quod
954 607 1141 685 superstitem

108 690 298 766 sAugustum
316 687 511 767 reliquissent.
544 689 691 764 Quaedam
706 689 807 750 ltaliae
826 690 958 751 civitates
974 690 1066 766 diem,
1083 707 1140 769 qno

134 776 257 854 primum
278 770 313 832 ad
332 790 365 832 se
379 773 525 849 venisset,
549 774 657 834 initium
673 776 738 834 anui
754 775 897 836 fecerunt.
924 774 1141 836 Provinciarum

135 858 297 938 pleraeque
318 871 407 934 super
429 856 537 936 templa
555 866 584 917 et
599 875 663 918 aras
679 857 764 920 ludos
780 876 896 937 quoque
911 858 1140 939 quinquennales

134 958 231 1022 paene
251 939 409 1019 oppidatim
431 943 648 1002 constituerunt.
688 942 788 1019 Reges
809 945 892 1003 amici
912 952 998 1023 atque
1018 944 1092 1003 socii
1112 944 1185 1002 otoo

135 1023 244 1103 singuli
258 1026 286 1084 iu
301 1040 354 1084 suo
373 1024 496 1103 quisque
510 1043 634 1104 regno
619 1024 783 1088 Caesareas
801 1026 889 1088 urbes
907 1026 1097 1088 condiderunt
1113 1037 1141 1086 et

1 1158 7 1185 ἶ
98 1127 124 1168 ιο
136 1111 233 1171 cuncti
249 1108 332 1168 simul
347 1107 449 1169 aedem
465 1108 544 1169 lovis
560 1098 686 1190 Olympii
699 1110 822 1172 Athenis
829 1112 1007 1190 ,antiquitus
1023 1112 1140 1172 inchoa-

134 1205 210 1271 tam,
228 1191 374 1273 perficere
397 1195 537 1254 communi
551 1205 665 1293 sumptu
682 1195 898 1258 destinaverunt
913 1195 1105 1276 Genioque
1079 1213 1141 1254 erus

135 1279 288 1348 dedicare;
312 1296 347 1339 ac
370 1295 460 1357 saepe
479 1279 579 1356 regnis
596 1280 723 1357 relictis,
744 1297 802 1340 non
816 1280 926 1341 Romae
942 1279 1027 1340 modo
1044 1277 1096 1340 sed
1113 1288 1142 1338 et

136 1362 304 1463 provincias
326 1362 493 1440 peragranti
515 1361 657 1424 cotidiana
681 1326 778 1425 olbcia
800 1365 892 1440 togati
912 1382 947 1424 ac
970 1367 1032 1424 sine
1053 1363 1140 1439 regio

136 1447 262 1526 insigni,
275 1462 357 1508 more
374 1446 519 1507 clientium
533 1449 749 1548 praestiterunt.
1147 1449 1183 1584 ἓ

98 1557 127 1598 15
204 1531 362 1607 Quoniam,
383 1531 504 1608 qualis
496 1550 525 1591 ιιι
538 1533 658 1611 imperis
675 1551 709 1594 ac
724 1531 939 1610 magistratibus
954 1530 1183 1610 regendaqucl

137 1635 193 1698 per
206 1625 346 1676 terrarum
361 1613 462 1676 orbem
477 1633 551 1694 paca
567 1615 704 1696 belloque
720 1635 752 1678 ιο
768 1636 797 1697 p.
813 1617 901 1676 luerit
906 1615 1071 1694 ,exposuiz
1096 1631 1140 1673 re-

137 1703 231 1762 feram
250 1717 327 1760 nnnc
348 1699 515 1758 interiorem
536 1717 572 1762 oc
594 1700 762 1761 familiarem
780 1701 842 1761 eins
859 1661 961 1777 vita’m,
981 1698 1142 1778 quibusque

62 1850 64 1852 ,
137 1783 267 1846 moribus
292 1791 378 1861 atque
400 1783 514 1843 lortuna
537 1783 612 1844 domi
635 1793 664 1844 et
683 1787 759 1846 inter
781 1802 850 1846 suos
873 1786 967 1861 egerit
990 1801 1006 1843 a
1027 1783 1143 1843 iuventa

138 1886 231 1948 usque
249 1866 285 1928 ad
303 1884 467 1946 supremum
485 1869 562 1928 vitae
579 1869 664 1929 diem.

98 1972 128 2014 oo
202 1952 322 2015 llatrem
348 1951 441 2011 omisit
465 1953 493 2010 in
521 1953 613 2030 primo
642 1952 808 2029 consulatu,
839 1969 972 2012 sororem
996 1949 1143 2010 Octaviam

139 2034 426 2118 quinquagensimum
449 2044 478 2095 et
500 2047 628 2115 quartum
652 2055 743 2114 agens
760 2037 863 2097 aetatis
879 2047 991 2097 annum.
1020 2033 1142 2112 Utrique

140 2139 205 2183 oum
231 2120 388 2201 praecipua
410 2119 507 2180 cilicia
534 2123 618 2182 vivae
644 2121 852 2200 praestitisset,
881 2122 967 2182 etiarn
988 2118 1143 2179 deiunctae

139 2206 269 2266 honores
288 2204 427 2265 maximos
443 2203 548 2265 tribuit.

126 2353 128 2356 ,
204 2289 347 2368 Sponsam
366 2287 507 2350 habuerat
528 2289 700 2350 adulescens
719 2290 751 2350 Ρ.
775 2289 880 2351 Servili
900 2289 1023 2350 Isaurici
1044 2287 1141 2362 liliam,
1152 2283 1186 2336 62

101 2399 130 2440 ss
140 2373 194 2436 sed
208 2371 415 2442 reconciliatus
433 2381 501 2453 post
515 2375 633 2453 primam
648 2374 822 2435 discordiam
836 2373 981 2449 Antonio,
1004 2379 1142 2450 expostu-

139 2456 267 2520 lantibus
288 2458 435 2535 utriusque
457 2457 594 2518 militibus
610 2467 640 2517 ut
656 2467 686 2518 et
702 2458 916 2519 necessitudine
932 2456 1027 2534 aliqua
1043 2456 1142 2530 iunge·

139 2550 258 2619 rentur,
276 2541 437 2621 privignam
452 2541 515 2602 eius
531 2540 687 2620 Claudiam,
701 2542 821 2603 Fuluiae
835 2561 873 2602 ex
886 2540 918 2601 Ρ.
932 2538 1035 2600 Clodio
1048 2539 1142 2612 liliam,

140 2627 223 2688 duxit
236 2642 356 2685 uxorem
370 2625 486 2686 vixdum
495 2626 632 2704 nubilem,
650 2645 685 2686 ac
700 2626 844 2687 simultate
861 2642 925 2686 cum
939 2623 1041 2686 Fulvia
1057 2640 1144 2683 socru

142 2718 207 2772 orta
228 2708 334 2770 dimisit
346 2709 480 2770 intactam
494 2710 588 2772 adbuc
605 2720 634 2771 et
651 2712 802 2788 virginem.
832 2710 902 2773 llox
918 2707 1098 2771 Scriboniam
1116 2707 1144 2765 iu

1 2853 2 2874 ,
104 2795 351 2858 aomatrimoninm
373 2795 504 2873 accepit,
526 2804 642 2873 nuptam
662 2804 729 2856 ante
745 2793 857 2855 duobus
874 2792 1089 2867 consularibus,
1106 2809 1144 2849 ex

141 2879 236 2942 altero
257 2879 342 2938 etiam
356 2887 483 2939 matrem.
513 2878 654 2940 cumbae
672 2896 787 2958 qnoque
803 2878 954 2939 divortium
971 2877 1055 2953 iecit,
1078 2892 1144 2954 pcr-

142 2975 259 3040 taesus,
282 2971 313 3022 ut
336 2963 455 3040 scribit,
476 2978 586 3024 morum
601 2964 823 3043 perversitatem
841 2964 917 3040 eius,
942 2980 976 3022 ao
993 2961 1088 3020 statim
1101 2958 1144 3018 Li·

27 3101 29 3104 .
142 3049 219 3110 viam
234 3046 391 3108 Drusillam
412 3049 590 3108 matrimonio
608 3047 707 3108 Tiberi
721 3046 849 3108 Neronis
870 3056 900 3107 et
923 3044 1039 3124 quidem
1062 3060 1145 3122 prae·

143 3139 279 3210 gnantem
302 3131 437 3209 abduxit,
462 3132 618 3212 dilexitque
642 3141 671 3192 et
695 3131 830 3212 probavit
850 3132 934 3192 unice
957 3147 991 3189 ac
1006 3144 1146 3207 perseve-

105 3224 252 3282 scranter.

208 3299 255 3360 Ex
270 3299 423 3362 Scribonia
438 3301 552 3380 Iuliam,
577 3320 614 3362 ex
629 3302 709 3362 Livia
722 3300 792 3361 nibil
808 3299 965 3360 liberorum
980 3295 1059 3371 tulit,
1084 3312 1147 3354 cum
1156 3302 1192 3357 63

144 3385 268 3446 muime
288 3395 419 3464 cuperet
452 3385 564 3461 Infans,
586 3387 634 3464 qui
650 3393 811 3464 conceptus
826 3392 903 3461 erat,
923 3383 1089 3441 immaturus
1104 3387 1148 3438 est

147 3469 250 3530 editus
279 3467 380 3530 Iuliam
402 3471 523 3551 primum
537 3468 696 3548 llarccllo,
720 3467 859 3529 Octaviae
876 3429 987 3527 sbroris
1003 3483 1073 3526 suae
1089 3463 1148 3524 lilio

197 3573 354 3618 suerourus.
964 3551 984 3612 5
