2444 3872
121 159 182 224 168
223 174 252 222 c.
270 174 725 236 SUEToN1TRANQ.DEvtTA
743 177 1064 226 capessundam.
1112 245 1115 249 ι

119 331 268 408 legantem
291 335 360 392 item
372 329 532 394 Ciceronis
546 331 755 411 defensionem
769 333 922 396 adomim
935 329 1027 394 Asioi
1041 331 1125 393 dotti

119 413 218 478 libros
244 419 315 477 satis
336 414 484 477 eruditam.
513 416 613 477 Novas
635 419 720 477 etiam
743 428 921 478 commentus
947 427 992 478 est
1012 416 1123 477 litteras

119 508 196 576 tres,
213 517 247 559 ac
264 516 383 560 numero
400 509 529 559 veterum
545 503 627 580 quasi
649 503 771 562 maxime
793 503 978 563 necessarias
1000 499 1122 570 addidit;

118 583 156 646 de
178 602 297 663 quarum
321 586 433 645 ratione
453 603 517 644 oum
539 587 668 663 privatus
692 586 784 646 adhue
806 586 942 646 volumen
971 584 1121 660 edidisset,

118 685 187 728 mox
204 670 342 748 princeps
361 685 420 728 non
442 667 738 748 difficulter'optinuit
755 679 785 728 ut
805 673 833 729 in
848 689 901 730 usu
920 686 1035 749 quoque
1047 685 1148 752 pro-s

117 753 229 814 miscuo
245 761 353 814 essent.
385 751 474 812 Extat
501 752 568 812 talis
590 756 733 833 scriptura
758 757 786 812 in
809 754 958 833 plerisque
981 751 1062 811 libris
1085 770 1123 812 ac
1160 798 1163 801 .

119 837 228 913 diurnis
245 837 394 917 titulisque
410 853 540 916 operum.

75 928 111 981 tta
179 921 244 982 Neo
271 923 390 982 minore¹
408 937 476 980 cura
504 920 615 982 Graeca
637 920 730 981 studia
757 931 874 982 secutus
902 929 964 998 est,
994 938 1122 981 amorem

119 1007 383 1084 praestantiamque
398 1004 688 1083 linguae-occasione
703 1008 780 1066 omni
796 1005 958 1084 professus.
1003 1003 1122 1066 Cuidam

41 1099 65 1180 7(
117 1088 244 1150 barbaro
261 1089 374 1152 Graece
397 1106 431 1147 ac
452 1089 552 1149 Latine
573 1089 727 1150 disserenti
752 1087 827 1150 Com
846 1096 992 1169 atroque,
1017 1090 1156 1172 inquit,1o

117 1191 260 1234 sermotm
279 1180 386 1234 necho
405 1171 451 1231 sis
469 1180 627 1250 porotos;
650 1182 680 1235 et
701 1177 729 1234 in
746 1173 973 1234 commendanda
989 1172 1120 1252 patribus

118 1259 295 1335 conscriptis
306 1255 434 1332 Achaia,
451 1264 576 1336 protem
587 1257 650 1318 sibi
659 1258 855 1337 provinciam
870 1257 1120 1318 aitoommuoium

116 1341 291 1402 studiosam
309 1342 492 1418 commercio
498 1365 513 1411 ,·
536 1360 571 1401 ac
585 1359 677 1421 saepe
694 1345 723 1402 in
738 1351 839 1402 senatu
854 1343 960 1420 legatis
976 1352 1120 1422 perpetua

18 1488 21 1497 ,
116 1427 251 1487 oratione
269 1423 429 1503 respondit.
452 1425 569 1486 Multum
588 1443 660 1486 vero
683 1445 737 1506 pro
759 1427 894 1488 tribunali
911 1429 996 1486 etiam
1011 1426 1117 1486 Home·

17 1504 23 1528 ³
62 1568 65 1575 ,
116 1512 187 1571 risis
202 1509 317 1571 locutus
336 1517 381 1570 est
396 1508 538 1568 versibus.
570 1510 711 1584 Quotiens
729 1511 844 1590 quidem
859 1508 1156 1570 hostemvelinsi—ts

98 1589 257 1656 ‘ditatorem
284 1594 358 1653 ultus
388 1602 484 1671 esset,
518 1594 681 1655 excubitori
706 1595 819 1655 tribuno
843 1596 956 1671 signum
978 1592 1119 1652 demere

116 1680 250 1759 poscenti
265 1694 323 1738 non
338 1685 448 1736 temere
463 1677 539 1738 aliud
554 1678 647 1756 dedit,
665 1693 776 1758 quamz·

61 1809 69 1826 ,
168 1750 288 1842 '‘Avip'
312 1749 572 1841 inspiracione,
593 1752 648 1824 ὅτε
664 1781 714 1835 τις
729 1755 891 1844 πρότερος
910 1753 1106 1842 χαλεπήνῃ..

156 1918 157 1921 ¹
175 1846 308 1924 Denique
321 1855 350 1906 et
362 1844 490 1908 Graecas
503 1849 621 1926 scripsit
632 1847 778 1925 historias,
791 1846 992 1922 Tyrrhenicon
1002 1847 1118 1923 viginti,

63 1968 66 1975 -
117 1929 377 1992 Carchedoniacon
404 1941 482 1990 octo.
527 1932 652 2005 Quarum
685 1949 772 1991 causa
798 1933 891 1991 veteri
921 1929 1156 1996 Alexandriaero

114 2015 232 2078 Musio*
246 2012 370 2074 additum
381 2033 419 2073 ex
431 2016 521 2093 ipsius
532 2016 662 2084 nomine;
682 2015 895 2093 institutumque
907 2023 937 2073 ut
951 2022 1022 2093 quot
1036 2017 1118 2074 annis

114 2103 144 2158 in
159 2099 251 2158 altero
266 2097 466 2172 Tyrrhenicon
481 2098 563 2175 libri,
580 2100 608 2157 in
630 2094 722 2159 aiteio
740 2097 999 2160 Carchedoniacon
1015 2097 1118 2158 diebus

9 2179 17 2194 “
115 2183 228 2242 statutis
252 2181 331 2240 velut
358 2182 386 2239 in
414 2182 555 2243 auditorio
578 2185 770 2244 recitarentur
785 2185 846 2244 ‘toti
871 2202 887 2243 a
915 2180 1036 2259 siugulis
1063 2200 1118 2261 per

115 2283 209 2324 vices.
1037 2306 1039 2310 ·

71 2354 107 2410 43
179 2346 238 2408 Sub
257 2349 335 2408 exitu
350 2349 425 2410 vitae
440 2349 524 2425 signa
538 2350 693 2429 quaedam,
709 2368 765 2410 nee
782 2349 924 2425 obseura,
940 2351 1116 2429 paenitentis
1126 2373 1155 2414 as

114 2433 151 2494 de
168 2434 347 2494 matrimonio
363 2432 544 2511 Agrippinae
560 2434 655 2514 deque
669 2432 795 2494 Neronis
811 2434 968 2513 adoptione
984 2433 1116 2496 dederat.

113 2518 277 2596 Siquidem,
305 2518 593 2578 commemorantibus
618 2517 731 2578 libertis
749 2537 784 2578 ac
809 2513 989 2579 laudantibus
1013 2518 1116 2594 cogni·

113 2602 236 2678 tionem,
267 2618 323 2679 qua
353 2599 445 2680 pridie
471 2603 612 2680 quandam
634 2602 766 2663 adulterii
795 2621 875 2663 ream
898 2602 1115 2678 condemnarat,

112 2683 175 2744 sibi
191 2703 311 2764 quoque
323 2684 355 2744 io
367 2683 446 2762 fotis
462 2703 531 2746 esse
544 2689 661 2747 iactavit
675 2687 778 2748 omnio
792 2685 966 2766 impudico,
982 2685 1117 2746 sednon

70 2833 73 2838 ,
112 2769 263 2844 impunito
274 2769 473 2830 matrimonio
479 2794 494 2840 ;
518 2781 547 2830 et
564 2769 684 2830 subinde
708 2770 823 2832 obvisum
842 2769 898 2832 sibi
918 2770 1114 2836 Britannicum
1125 2793 1155 2834 se

113 2853 202 2912 artius
225 2852 395 2930 complexus
412 2853 547 2914 hortatus
563 2865 623 2931 est,
648 2861 683 2915 ot
697 2861 850 2918 cresceret
864 2855 1077 2934 roboamque
1092 2871 1117 2914 α

112 2936 293 2996 scomoiaco
309 2935 466 3014 scotorum
486 2940 663 3016 acciperem
684 2938 796 3000 Graeca
816 2941 937 3018 iusuper
952 2956 1028 2999 voce
1044 2956 1115 3016 prc-

113 3027 245 3079 secutus:
269 3007 429 3101 ὁτρώσας
444 3016 498 3082 oei
511 3014 648 3084 ἰάσεται.
682 3021 811 3103 Cumque
827 3023 935 3103 impubi
950 3032 1116 3102 teneroque

112 3101 220 3181 adhuc,
245 3104 357 3182 quando
375 3114 484 3166 statura
500 3109 695 3186 permitteret,
718 3117 815 3184 tegant
839 3107 909 3168 dare
926 3105 1113 3185 destinasset,

112 3186 233 3247 adiecit:
268 3186 308 3249 Ut
322 3189 445 3250 tondent
462 3191 600 3267 populos
615 3191 654 3250 n.
676 3197 781 3252 oerum
799 3189 969 3252 Caesonem
983 3189 1152 3254 tabescas

68 3269 177 3332 44Non
192 3271 425 3350 multoquepost
446 3280 645 3334 testamentum
663 3276 748 3336 etiam
770 3277 944 3356 conscripsit
965 3293 1000 3358 sp
1019 3277 1115 3352 siguis

60 3365 61 3368 ’
113 3355 236 3414 omnium
245 3358 460 3433 magistratuum
472 3355 645 3434 obsignavit.
660 3358 742 3418 Prius
754 3360 841 3438 igitur
850 3378 939 3442 ,quam
954 3357 1027 3420 ultra
1043 3377 1114 3438 pro·

112 3437 301 3515 graderetur,
318 3449 493 3517 praeventus
507 3448 552 3500 est
566 3441 602 3502 ab
613 3443 795 3525 Agrippina,
808 3461 891 3526 quam
908 3453 1026 3522 praeter
1037 3444 1116 3504 haec
1209 3513 1212 3517 .

180 3733 386 3802 elsteram-'‘³''
496 3755 499 3765 “
529 3756 544 3774 '⁴
