2416 3876
256 197 536 247 nnuunnmonuu
557 197 737 246 cunnoauu
758 183 960 258 nnnrourau.
1046 183 1105 246 291

103 356 236 417 homines
265 361 350 415 exuta
378 354 494 438 leritate
524 355 665 412 rationem
689 354 767 412 vitae
799 352 908 413 babere
941 354 1110 431 coepissent

8 445 10 458 ³
105 459 199 520 seque
211 459 246 500 ac
262 439 335 499 deos
349 433 419 499 suos
435 454 541 514 nosse,
559 435 664 496 cultum
675 437 818 496 modicum
834 455 869 497 ac
881 453 1044 496 sermonem
1059 454 1108 494 nc·

105 527 263 586 cessarium
286 524 439 583 commenti
461 521 516 581 sibi
525 523 704 599 ‚utriusque
727 522 968 598 magnificentiam
990 519 1026 580 ad
1041 519 1109 580 reli·

103 613 222 686 pionem
236 607 356 668 deornm
371 623 486 666 suorum
505 606 757 682 excogitaverunt.
781 605 873 681 Igitur
884 613 914 664 ut
926 603 1033 682 templa
1050 602 1110 662 illis

7 703 8 714 ³
78 692 236 752 odonibus
261 690 428 770 pulchriora
450 699 478 749 et
494 689 646 749 simulacra
666 689 840 768 corporibus
862 689 1003 767 ampliora
1017 687 1108 748 iacie-

104 779 189 853 bant,
212 777 252 837 ita
273 775 391 854 eloquio
410 774 498 832 'etiam
521 773 602 850 quasi
628 776 797 849 augustiore
819 772 1006 833 honorandos
1026 782 1107 850 puta·

104 870 207 920 verunt
229 859 387 936 laudesque
410 874 509 916 eorum
525 865 553 915 et
568 855 667 915 verbis
688 857 895 917 illustrioribus
915 865 944 915 et
959 855 1107 917 iucundio-

103 945 184 1005 ribus
199 944 324 1003 numeris
340 941 513 1038 extplcrunt.
544 938 576 998 ld
597 957 691 1016 genus
712 943 778 1020 quia
794 941 886 1001 lorma
908 941 1030 1040 quadam
1046 940 1107 1000 effi·

105 1030 195 1104 citur,
222 1045 295 1106 quae
319 1016 453 1103 ποιότης
476 1024 597 1099 dieitur,
620 1040 724 1101 poema
745 1027 904 1084 vocitatum
925 1034 971 1122 est
986 1027 1107 1104 eiusque

65 1114 224 1176 rolictores
240 1119 355 1208 ppetae
385 1105 529 1170 Isidorus
544 1108 663 1186 etpmcd
679 1116 742 1186 8,
728 1133 751 1168 ι.

173 1197 229 1246 De
222 1195 285 1260 ipsis
297 1195 380 1260 poetis
392 1192 461 1260 apud
472 1192 652 1257 Hieronymum
664 1201 802 1260 supersunt
817 1192 893 1243 haec:

168 1263 200 1322 T.
214 1263 309 1322 Livius
324 1262 538 1338 tragoediarum
551 1263 677 1339 scriptor
689 1261 785 1322 clarus
799 1261 938 1339 babetur,
954 1263 1001 1339 qui
1015 1261 1052 1322 ob
1065 1264 1105 1320 in-

3 1403 5 1408 .
103 1349 182 1426 genii
201 1349 331 1406 meritum
352 1345 459 1406 aLivio
475 1345 657 1421 Salinatore,
675 1347 755 1405 cuius
770 1346 881 1406 liberos
899 1345 1057 1423 erudiebat,
1073 1345 1105 1406 li·

25 1485 28 1492 .
103 1433 217 1492 bertate
232 1429 354 1490 donatus
370 1436 414 1488 est
429 1445 459 1488 ιι.
477 1437 546 1490 567.
563 1436 632 1490 568.
1162 1434 1165 1442 ’

66 1533 93 1572 ιι
166 1514 295 1575 Naevius
317 1514 445 1572 comicus
468 1511 573 1574 Uticae
593 1513 730 1589 moritur,
757 1513 856 1592 pulsus
871 1514 962 1573 Roma
978 1513 1107 1573 faotione

9 1677 13 1690 1
103 1599 241 1661 nobilium
256 1615 291 1657 ac
306 1598 466 1676 praecipue
480 1595 664 1657 lletellorum
679 1614 708 1656 a.
726 1605 897 1657 551—553.

167 1682 283 1743 Plautus
299 1699 336 1740 ex
351 1679 469 1740 Umbria
491 1681 623 1738 Sarsiuas
638 1679 751 1740 Romae
766 1683 898 1750 moritur;
916 1683 964 1760 qui
980 1689 1105 1761 propter
1201 1700 1203 1704 ’

1 1779 2 1790 ’
103 1783 234 1826 annonae
259 1763 455 1824 difficultatem
481 1762 516 1821 ad
541 1761 632 1822 molas
659 1767 820 1824 manuarias
845 1766 947 1844 pistori
969 1784 1002 1824 se
1024 1764 1103 1826 loca·

101 1859 201 1924 verat,
226 1847 266 1907 ibi
290 1848 423 1926 quotiens
445 1846 480 1906 ab
495 1863 586 1925 opere
610 1856 743 1925 vacaret,
775 1847 906 1908 scribere
933 1848 1046 1911 labulas
1069 1867 1104 1908 ac

1 1946 2 2006 j
65 1933 232 1996 revendere
249 1931 352 1992 solitus
367 1947 398 1990 u.
415 1938 483 1991 553.
498 1939 567 1990 554.

1 2089 2 2094 ¹
166 2015 201 2090 Q.
215 2016 324 2076 Ennius
338 2023 425 2093 poeta
437 2012 553 2074 Tarenti
568 2018 709 2086 nascitnr;
727 2021 775 2095 qui
787 2035 803 2076 a
816 2015 928 2077 Catone
945 2026 1102 2095 quaestore

46 2096 52 2107 '
101 2102 222 2162 Romam
236 2098 389 2159 translatus
403 2097 542 2158 habitavit
556 2099 584 2158 iu
599 2107 696 2160 monte
709 2101 872 2177 Aventino,
890 2119 979 2180 parco
1000 2101 1101 2168 admo-

102 2185 168 2244 dum
189 2192 300 2260 sumptu
322 2191 472 2242 contentus
492 2191 521 2240 et
536 2183 619 2242 nnius
634 2184 758 2245 ancillae
777 2187 935 2245 ministerio
957 2203 987 2244 ιι.
1005 2193 1104 2246 513-
1201 2219 1203 2223 -

102 2277 200 2328 515..
214 2266 342 2326 numus
355 2274 441 2364 poeta
451 2269 633 2343 septuaginta
646 2270 736 2329 maior
749 2270 830 2328 amris
842 2267 988 2330 articulari
1000 2269 1103 2330 morbo

1 2379 2 2398 1
64 2371 91 2411 ιι
103 2352 193 2430 perit,
216 2349 373 2429 sepultus
365 2368 393 2408 ιιι
411 2349 557 2428 Scipionis
578 2362 760 2413 monumento
781 2355 829 2412 via
842 2352 940 2431 Appia
955 2356 1029 2413 intra
1044 2356 1101 2433 pri-

1 2437 2 2474 ἲ
100 2452 175 2494 mum
187 2434 222 2494 ab
234 2433 306 2493 urbe
316 2432 475 2492 miliarium.
503 2433 623 2508 Quidam
639 2453 706 2496 ossa
718 2440 780 2496 eius
791 2436 912 2497 lindiam
923 2456 961 2498 ex
972 2436 1101 2498 laniculo

1 2517 2 2520 ’
99 2517 237 2579 translata
250 2517 391 2578 affirmant
407 2533 436 2576 ιι.
453 2525 622 2578 586-580.

1 2657 2 2662 ,
51 2607 54 2611 ’
165 2603 271 2660 Statius
301 2600 446 2662 Caecilius
476 2601 688 2664 comoediarum
713 2604 1100 2683 scriptorclarusbabctur‚

1 2712 2 2716 ¹
101 2687 216 2746 natione
234 2680 359 2745 Insuber
374 2683 473 2744 Gallus
495 2684 623 2746 etlinun
639 2690 758 2765 primum
776 2688 1003 2750 contubernalis
1032 2689 1100 2764 Qui-

1 2781 2 2784 ’
64 2769 166 2829 audam
187 2768 433 2829 blcdiolanensem
455 2768 560 2828 ierunt.
591 2769 721 2831 Mortuus
743 2781 787 2830 est
806 2789 880 2834 armo
896 2783 1099 2852 postmortem

97 2853 183 2914 Ennii
200 2861 228 2911 et
242 2854 318 2912 iuxta
333 2852 488 2912 Ianiculum
503 2845 634 2932 sepultus
648 2873 678 2914 ιι.
695 2863 764 2916 575.

161 2935 303 3002 Pacuvius
330 2935 524 2996 Brundusinus
547 2940 760 3015 tragoediarum
783 2941 910 3020 scriptor
939 2942 1034 3002 clarus
1050 2913 1098 3002 ba·

97 3021 198 3094 betur
222 3018 304 3078 Ennii
326 3028 432 3098 poetae
455 3038 492 3078 ex
516 3021 574 3080 lilia
597 3039 705 3100 nepos,
727 3024 856 3101 vixitque
873 3024 984 3086 Romae
1002 3027 1098 3105 quoad

97 3105 238 3182 picturam
262 3105 393 3163 exercuit
414 3123 448 3164 ac
469 3104 583 3165 fabulas
605 3105 778 3182 venditavit,
811 3108 915 3169 deiude
943 3110 1097 3171 Tarentum

62 3202 87 3242 ιι
99 3197 299 3264 transgressus
316 3203 409 3266 prope
425 3190 636 3265 nonagenarius
652 3191 728 3251 diem
744 3190 814 3251 obiit
830 3210 860 3253 u.
878 3201 943 3255 600.
963 3203 1028 3256 601.

162 3270 193 3330 Ρ.
212 3270 363 3331 Terentius
385 3271 637 3349 Karthaginiensis
659 3275 873 3336 comoediarum
888 3279 1030 3358 scriptor,
1058 3279 1096 3340 ob

95 3357 242 3453 ingenium
261 3363 290 3414 at
311 3355 430 3415 formam
448 3355 583 3441 libertate
606 3359 744 3437 donatus,
767 3361 795 3420 in
811 3361 937 3424 Arcadia
961 3363 1095 3427 moritur;

96 3438 144 3516 qui
162 3438 279 3519 primam
292 3438 427 3500 Andriam
459 3449 609 3521 autequam
630 3443 772 3505 aedilibus
788 3445 945 3508 venderet
965 3445 1094 3508 cresunt

875 3529 935 3592 19*
