2438 3872
557 187 672 278 ccco.
1053 215 1111 278 sar

112 397 144 447 ut
157 385 278 462 assolet,
293 387 348 445 iam
366 384 485 461 grandis
503 393 569 444 natu
585 403 638 462 per
653 382 805 444 blanditias
820 383 897 442 lorte
913 383 1047 444 dixisset:
1063 380 1111 442 Si-

1 487 2 512 *
112 469 176 530 mul
195 469 277 529 bunc
302 485 472 546 excepero,
496 468 578 528 mori
597 468 683 529 colo.-
712 485 873 527 conversus
900 467 937 527 ad
962 467 1112 545 proximos

1 556 3 569 '
113 552 274 631 confestim
289 571 323 613 se
334 551 508 631 positorum
526 551 605 611 velut
621 551 743 612 irridens
760 551 812 627 ait,
827 553 1037 629 praecepitque
1053 567 1111 628 me·
1180 583 1182 588 .

112 638 186 698 dicis
209 645 237 697 ut
260 636 371 715 largius
393 645 552 714 purgarent
571 653 704 714 aegram,
726 635 847 696 necdum
862 633 1017 694 defunctae
1034 632 1112 693 bona

1 716 3 756 ³
87 723 231 803 tinupsit,
248 737 409 800 suppresso
424 729 611 796 testamento,
630 737 666 778 ue
682 719 750 797 quid
765 718 948 780 abscederet.
1125 775 1140 786 ,

174 807 294 870 Uxores
309 812 427 884 praeter
444 801 592 864 Octaviam
608 803 678 863 duas
695 811 798 881 postea
822 803 917 862 duxit:
942 802 1153 882 Poppaeam&

112 892 263 968 Sabinam,
291 889 457 970 quaestorio
473 897 556 968 patre
571 889 710 962 uatumJet
727 888 817 966 equiti
829 888 865 947 n.
880 895 964 946 antea
981 895 1109 966 nuptam,

1 1021 2 1028 .
113 977 218 1038 deinde
233 976 372 1038 Statilium
386 974 585 1050 Messalinam,
601 972 687 1034 Tauri
701 971 747 1030 bis
763 971 892 1032 consulis
904 988 941 1031 ac
954 971 1110 1050 triumpha·

112 1062 149 1122 lis
165 1061 329 1140 abneptem.
359 1059 423 1134 Qua
446 1069 477 1119 ut
494 1066 664 1138 poteretur,
687 1058 779 1117 uirum
794 1058 857 1117 eius
872 1055 999 1116 Atticum
1014 1056 1110 1116 Vesti-

74 1157 179 1206 rouum
202 1145 351 1207 consulem
372 1145 402 1203 in
423 1144 535 1204 honore
554 1145 620 1223 ipso
636 1139 798 1204 trucidavit.
831 1138 971 1202 Octauiae
989 1157 1111 1202 cousue-

111 1229 239 1290 tudinem
255 1231 313 1291 cito
331 1237 520 1307 aspernatus,
546 1228 768 1307 corripientibus
789 1228 889 1290 amieis
905 1226 1052 1308 sufficere
1066 1223 1114 1286 tttr·

112 1312 225 1374 debere
244 1312 395 1393 respondit
415 1313 533 1374 amorio
553 1319 744 1375 ornamento.
776 1313 907 1375 Eandem
927 1331 997 1374 mox
1020 1329 1111 1391 saepe

1 1457 2 1474 ,
20 1455 22 1461 ,
112 1399 220 1459 frustra
236 1397 419 1474 strangulare
434 1397 598 1476 meditatus,
616 1397 721 1458 dimisit
735 1407 765 1458 ut
782 1399 921 1476 sterilem,
938 1396 992 1458 sed
1005 1399 1111 1476 impro-

1 1496 2 1544 t
112 1481 199 1542 bante
218 1482 371 1543 divortium
396 1482 506 1560 populo
527 1499 582 1542 nee
603 1491 741 1560 parcente
765 1483 911 1559 consitiis,
936 1483 1021 1542 etiam
1035 1480 1111 1540 rele-

1 1616 2 1641 ,
75 1582 102 1624 re
113 1568 212 1643 gavit,
233 1566 358 1644 denique
380 1566 490 1626 occidit
509 1566 562 1625 sub
580 1565 699 1626 crimine
714 1565 921 1626 adulteriorum
936 1564 1010 1626 adeo
1030 1565 1111 1644 inpu-

112 1651 191 1710 denti
205 1649 357 1730 falsoque,
379 1658 409 1710 ut
431 1650 460 1709 iu
483 1652 654 1728 quaestione
670 1649 898 1728 pernegantibus
917 1651 1028 1722 cunctis
1042 1648 1111 1709 Ani·
1123 1678 1218 1731 sm,

111 1743 207 1798 ectum
224 1734 428 1814 paedagogum
448 1751 529 1793 suum
551 1733 673 1794 indicem
692 1733 866 1812 subiecerit,
893 1735 941 1812 qui
957 1732 1112 1810 lingeret*
1136 1742 1214 1792 sz—ts

110 1817 180 1880 dolo
204 1827 361 1897 stupratam
385 1836 402 1878 a
427 1836 460 1877 se
481 1817 629 1878 fateretur.
662 1817 844 1897 Poppaeam,
872 1817 1044 1878 duodecimo
1065 1814 1112 1876 die
1195 1893 1197 1896 Ι

1 1895 2 1944 1
111 1911 181 1982 post
204 1901 356 1963 divortium
382 1901 522 1962 Octaviae
545 1903 574 1961 in
596 1904 802 1962 matrimonium
824 1911 991 1980 acceptam,
1012 1899 1113 1960 dilexit

71 1987 215 2055 somniem
231 1995 370 2046 ettamen
387 1987 481 2064 ipsam
506 2003 623 2064 quoque
644 1986 703 2046 ictu
726 1986 817 2046 calcis
834 1985 957 2062 occidit,
983 1983 1062 2063 quod
1079 2002 1113 2042 se

6 2133 11 2138 ,
111 2089 150 2130 ex
167 2070 434 2147 aurigatione.sero
450 2087 601 2128 reuersum
616 2069 736 2145 gravida
756 2080 785 2129 et
808 2088 898 2147 aegra
915 2069 1056 2130 conviciis
1071 2068 1112 2126 iu·

1 2170 3 2278 p
112 2152 252 2214 cesse'rat.
284 2153 330 2214 llx
345 2154 401 2214 bae
416 2153 503 2214 liliam
524 2153 587 2214 tulit
602 2151 749 2215 Claudiam
763 2154 940 2232 Augustam,
961 2153 1111 2230 amisitque

1 2281 2 2286 η
109 2237 262 2298 admodum
277 2238 452 2298 infantema
1138 2281 1141 2287 .

173 2320 289 2380 Nullum
304 2321 379 2382 adeo
396 2321 618 2382 necessitudinis
633 2340 727 2398 genus
746 2330 807 2398 est,
829 2321 908 2400 quod
923 2339 980 2382 nou
996 2319 1111 2380 scelere

1 2403 2 2406 ’
72 2403 280 2485 mperculerit.
313 2405 467 2466 Autouiam
494 2404 596 2489 Claudi
617 2405 723 2482 liliam,
746 2415 930 2466 recusantem
948 2412 1018 2483 post
1035 2401 1111 2480 Pop·

110 2507 203 2568 paeae
218 2498 340 2548 mortem
361 2489 484 2566 nuptias
499 2507 582 2565 suas,
606 2491 687 2567 quasi
709 2489 883 2550 molitricem
905 2503 1110 2548 nouarumre-

1 2651 2 2656 η
109 2591 172 2632 rum
187 2574 340 2656 interemit.
365 2579 367 2584 ’
382 2572 550 2632 Similiter*
567 2576 643 2632 inter'
663 2582 783 2633 eeteros
799 2581 846 2632 aut
859 2571 999 2632 affinitate
1015 2559 1127 2646 aliqua}

1 2705 2 2708 η
110 2656 168 2716 sibi
187 2665 234 2716 aut
253 2657 468 2736 propinquitate
485 2657 672 2724 coniunctos;
689 2658 718 2717 in
733 2655 836 2735 quibus
848 2655 955 2716 Aulum
970 2653 1112 2714 Plautium

51 2759 74 2784 ι
108 2743 260 2816 iuvenem,
288 2757 373 2818 quern
400 2757 463 2799 cum
489 2749 555 2799 ante
575 2750 697 2800 mortem
718 2757 772 2818 per
797 2742 853 2798 rim
876 2745 1111 2818 conspurcasset,
1156 2759 1160 2766 ·

72 2821 177 2889 soEot
195 2843 276 2885 nunc
288 2825 386 2901 inquit
407 2832 507 2884 meter
527 2841 596 2884 meo
616 2830 647 2884 et
659 2841 869 2884 successorem
883 2841 980 2884 meum
996 2820 1123 2902 orente-ff

1 2905 3 2938 e
108 2909 177 2970 tar!
192 2908 304 2968 iactans
316 2907 452 2968 dilectum
462 2907 498 2968 ab
512 2927 545 2968 ea
559 2917 588 2967 et
599 2908 635 2968 ad
647 2926 729 2986 spem
740 2909 852 2985 imperii
863 2906 1024 2986 impulsum.
1033 2897 1111 2979 [Pri-

108 2993 228 3069 rigoum
237 2992 351 3052 Rullum
363 2989 526 3070 Crispinum
539 2991 679 3070 Poppaea
692 3000 797 3067 natum,
813 2991 993 3070 impuberem
1007 2988 1111 3062 adbuc,

1 3155 2 3159 Ἰ
109 3077 176 3154 quia
195 3074 345 3136 ferebatur
360 3075 482 3136 ducatus
499 3084 528 3135 et
542 3077 663 3154 imperia
685 3075 809 3151 ludere,
827 3073 1014 3153 mergendum
1030 3071 1111 3144 mari,

108 3159 175 3239 dum
193 3156 372 3239 piscaretur,
398 3162 493 3220 servis
514 3160 607 3238 ipsius
628 3159 819 3220 demandauit.
849 3158 975 3218 'luseum
992 3155 1112 3216 nutricis

26 3271 57 3321 ,p
74 3243 378 3330 militm-relegarit,
410 3243 487 3323 quod
512 3244 539 3302 in
561 3245 767 3322 procuratione
790 3243 921 3322 Aegypti
942 3239 1070 3306 balineis
1083 3237 1111 3296 in
1137 3280 1145 3300 -,

1 3345 2 3400 j
109 3327 263 3396 adrentum
283 3325 364 3387 suum
388 3329 528 3388 extructis
553 3327 684 3388 lavisset.
720 3329 863 3388 Senecam
888 3331 1111 3404 praeceptorem

109 3411 145 3471 ad
161 3415 265 3472 necem
280 3411 435 3489 compulit,
459 3411 591 3490 quamvis
614 3429 705 3490 saepe
728 3419 916 3472 commeatum
936 3407 1045 3487 petenti
1060 3404 1111 3466 ho-

1 3539 2 3564 2
107 3477 343 3574 nisqueeedenti
360 3505 515 3574 persancte
531 3496 670 3574 iurasset,
696 3503 862 3575 suspectum
879 3511 911 3552 se
926 3493 1030 3552 frustra
1046 3507 1112 3571 per·
