2408 3870
192 206 217 254 x
301 217 304 222 ’
536 191 733 254 rnsnru'rw
1194 243 1196 288 ἦ

1193 293 1196 328 l

193 379 273 438 csse,
289 381 351 422 orm
363 368 517 422 ceterorum
531 367 662 430 omnnio,
677 367 758 420 etlam
770 363 938 438 iqnobilium,
954 365 1036 420 altius
1048 365 1106 422 ori·
1192 359 1196 438 1

193 449 284 522 qinom
299 450 453 521 repetierin
473 451 566 520 itaque
581 445 683 506 ‘lulius
702 447 824 506 Caesor’
844 451 874 504 in
892 449 1032 520 principio
1052 448 1105 504 od·
1194 441 1196 504 l

196 533 255 589 dito
280 547 340 588 esse
363 532 454 588 uerbo.
497 531 619 589 Eandem
644 532 810 590 sententian
839 549 901 588 curu
926 531 1105 590 doctissimus

195 615 317 689 quisque
332 615 444 672 tulisset
458 621 488 671 ut
505 614 649 672 Turnebus
665 615 780 672 Ursinus
795 615 1001 690 illudowius,
1016 621 1044 671 et
1060 615 1106 672 vel
1174 645 1175 648 η
1195 645 1196 682 3

196 697 303 756 mederi
319 699 346 755 ei
361 699 485 755 iecturse
501 699 656 756 studuisset
670 716 693 755 s.
711 699 1014 758 152110.bud.lllves
1031 714 1107 755 corn·
1195 757 1196 760 ,

196 782 299 856 positis
315 783 501 855 supplementi
518 782 606 838 iustsr
623 783 731 854 aliquot
746 782 903 858 capitibus,
917 797 990 855 quse
1006 789 1106 855 poster

196 865 334 924 bessinus
350 866 512 922 Torrentius
527 865 661 938 ampliore
678 866 761 936 lecit,
777 866 855 923 solus
872 866 986 924 lsrucus
1002 864 1107 922 Cossu·
1195 873 1196 876 ’

197 951 304 1020 bonus,
334 955 455 1006 ceterum
477 949 630 1021 Tranquilli
651 949 833 1022 interpretum
856 949 942 1008 iucile
963 948 1107 1022 prinecps,
1195 945 1196 982 ἶ

197 1031 293 1089 extitit
307 1033 355 1104 qui
366 1032 496 1090 caeseris
512 1033 596 1089 vitsnr
610 1032 735 1089 illuessnr
754 1033 789 1090 sd
803 1049 855 1089 nos
871 1031 1036 1105 pervenisse
1052 1031 1108 1088 sibi

198 1117 399 1190 persuaderet,
418 1116 488 1172 mire
504 1121 672 1174 commentus
688 1116 815 1188 poluisse
828 1115 993 1188 scriptorem
1007 1116 1035 1171 iu
1050 1115 1107 1172 ulio
1140 1149 1144 1156 ·

198 1199 272 1256 libro
302 1201 337 1257 de
365 1199 434 1256 lulis
466 1205 550 1270 gente
581 1197 767 1270 Caesarisque
797 1199 987 1273 odolescentia
1018 1216 1108 1271 expo-

195 1284 298 1340 suisse.
329 1283 491 1339 decentium
503 1281 572 1339 sutis
589 1281 643 1338 erit
657 1283 727 1339 duos
744 1283 905 1356 sppellssse
920 1283 963 1339 lo.
980 1281 1108 1340 nivol-

198 1367 261 1422 lluru
283 1367 331 1437 qui
361 1366 443 1422 initio
463 1364 595 1422 (laesuris
625 1365 732 1438 aliquot
761 1366 889 1423 stellulae
911 1366 1038 1424 deiectus
1067 1365 1108 1422 si-

194 1449 350 1521 gnillosudi
372 1466 457 1508 conss
479 1449 627 1524 apposuit,
648 1447 868 1506 etlllebubriuur
886 1448 933 1521 qui
949 1449 1032 1522 plene
1056 1465 1107 1520 qe-

195 1532 270 1590 rniuu
291 1535 390 1590 lscunu
414 1532 553 1592 Plutarchi
578 1531 726 1588 Ceessrenr
751 1531 1106 1590 leboruresnimudvertit.

197 1617 254 1672 loru
274 1622 423 1688 postquem
438 1617 506 1688 Lydi
523 1616 604 1672 locus
619 1615 754 1686 innotuit,
778 1616 906 1673 dubitare
924 1632 1004 1672 nemo
1022 1625 1106 1672 serlus

197 1706 300 1772 potest.
336 1700 394 1756 Sed
413 1707 443 1756 ut
458 1716 566 1756 curnem
583 1715 642 1755 renr
656 1700 843 1772 complector,
863 1701 934 1756 hoec
950 1699 1012 1755 iere
1031 1699 1107 1756 desi-

195 1783 344 1839 donentur:

261 1861 292 1939 1)
308 1867 434 1923 exterior
446 1866 512 1924 libri
527 1866 633 1923 titulus.
660 1866 849 1922 Vetustissimi
862 1866 934 1923 enisu
945 1867 1011 1924 libri
1023 1867 1107 1922 blem-
1194 1919 1196 1930 ⁴

196 1949 305 2006 solenus
327 1956 356 2006 et
369 1950 521 2007 Vaticanus
540 1949 643 2022 lipsii,
664 1955 811 2021 praetereo
828 1949 969 2006 Parisinus
990 1956 1060 2010 5804
1079 1957 1108 2005 et
1194 1957 1196 2024 ζ

196 2033 327 2103 iloguuus
346 2026 391 2110 (l)
404 2033 518 2103 Wolfli‚
534 2032 655 2104 denique
671 2032 876 2089 commemorati
891 2051 906 2090 u
921 2033 1107 2090 Volaterrano

194 2123 227 2173 et
240 2116 312 2173 Vive
327 2117 365 2172 ite
380 2116 530 2188 incipiunt:
551 2131 654 2172 annum
676 2130 760 2187 aqens
775 2123 886 2173 sentum
904 2117 1034 2172 decimum
1052 2132 1107 2187 pa·
1195 2153 1196 2156 ,

196 2207 266 2256 trem
286 2201 375 2256 omisit
400 2197 814 2272 concentusconcentus,
837 2217 971 2271 nusquern
996 2200 1107 2256 adiecto

197 2283 262 2340 Divi
276 2282 340 2339 lulii
358 2284 480 2340 nomine.
524 2284 740 2356 Temptaverunt
754 2283 867 2354 quidem
887 2284 1058 2355 reliquorum
1071 2282 1106 2338 li-
1194 2287 1196 2358 }

196 2368 312 2424 brorum
332 2367 445 2424 scribae
460 2368 553 2424 multis
568 2367 657 2424 modis
674 2366 777 2424 blatum
796 2369 928 2440 explere,
947 2367 1010 2422 dum
1024 2381 1107 2421 uuum
1195 2431 1196 2446 χ

195 2466 298 2506 nomen
313 2449 419 2508 Caesar
433 2451 479 2506 vel
496 2452 551 2507 duo
566 2449 766 2508 Iuleosoaesar
781 2451 882 2524 primo,
897 2449 1033 2518 seeundo,
1049 2454 1107 2504 ter·
1194 2447 1196 2500 l

195 2533 237 2588 tio
253 2535 318 2590 loeo
340 2533 491 2603 adiiciunt,
511 2534 578 2604 quin
593 2535 675 2590 etium
697 2534 770 2601 trine
785 2536 895 2590 nomine
912 2533 1000 2590 Divos
1018 2530 1107 2588 Iudico
1194 2567 1196 2574 ·

197 2617 303 2674 Caesar
324 2617 369 2673 vel
388 2615 478 2672 Iulius
498 2615 602 2674 (laesor
621 2617 707 2673 Divus
720 2617 766 2673 vel
789 2618 872 2673 Gaius
892 2615 982 2672 Iulius
1001 2615 1108 2674 Caesar
1193 2623 1196 2674 t

195 2700 286 2772 primo
307 2701 373 2755 loco
398 2705 581 2771 praetexunt,
602 2716 698 2756 verum
718 2716 754 2756 eo
769 2701 858 2772 megis
874 2716 952 2757 suern
968 2699 1106 2756 inscitiam
1195 2737 1196 2764 3

194 2783 317 2855 produnt
333 2782 476 2838 consulum
491 2782 647 2841 nominibus
664 2799 717 2840 uon
733 2783 879 2856 suppletis.
908 2782 1004 2853 Neque
1016 2783 1105 2839 minus

193 2865 312 2922 dereno
327 2866 444 2925 hsustse
459 2866 662 2937 suntvulgures
677 2866 773 2940 operis
787 2866 987 2939 inscriptiones
1002 2864 1109 2921 deXII
1194 2863 1196 2930 i

193 2947 380 3029 Caesaribus,
402 2949 436 3004 de
456 2952 510 3006 vita
531 2949 599 3005 XII
619 2950 785 3018 Caesarum,
805 2951 839 3005 cte
861 2951 916 3008 cito
935 2957 961 3004 et
986 2949 1107 3024 moribus
1193 2931 1196 2998 i

194 3032 338 3088 duodecim
355 3032 506 3090 Caesarum
526 3035 654 3104 nliueqne
669 3033 792 3103 similes,
814 3049 875 3089 curu
895 3032 924 3090 in
942 3033 1106 3091 bleuruisno

194 3114 271 3172 libro
287 3115 400 3172 omnino
416 3117 491 3173 nulla
507 3123 642 3189 appareat
657 3112 735 3190 (nun
752 3116 899 3174 berberem
913 3133 1021 3173 menum
1042 3133 1106 3173 sne-

194 3199 252 3256 ouli
266 3199 329 3256 xlv
349 3215 404 3255 nou
427 3195 511 3274 curo)
533 3215 673 3272 verusque
694 3199 759 3256 libri
782 3200 879 3258 titulus
902 3201 1053 3272 untiquitus
1071 3200 1106 3256 ub

195 3283 337 3340 nonnullis
354 3283 496 3354 librariis,
521 3295 593 3338 nune
616 3301 631 3338 s
652 3283 734 3340 nobis
752 3284 882 3342 debuerit
897 3300 933 3340 ex
955 3284 1107 3356 insequen-
1188 3333 1190 3335 .

196 3365 264 3422 tium
279 3367 397 3424 vitorum
415 3366 550 3423 clausulis
567 3371 596 3422 et
617 3367 849 3440 inscriptionibus
871 3374 1008 3438 tumquern
1027 3373 1107 3440 post·
1191 3397 1196 3518 q

194 3447 295 3507 liminii
311 3450 373 3506 iure
389 3450 555 3522 reciperari.

1191 3597 1196 3857 l
