2444 3872
359 267 363 272 Ι
454 193 557 244 nrvus
574 193 762 242 accusans.
1083 183 1119 244 'lt

120 358 151 410 et
166 350 228 410 sine
242 365 385 410 marmore
401 348 461 410 ullo
475 358 523 409 aut
534 349 639 426 insigni
652 349 816 427 pavimento
832 349 991 410 conclavia.
1009 347 1054 408 dc
1070 367 1123 428 per

118 451 214 494 annos
231 433 352 511 amplius
369 432 558 512 quadraginta
577 432 680 493 eodem
698 432 834 492 cubiculo
852 433 946 494 bieme
964 441 994 492 et
1012 441 1123 494 acnate

119 522 236 594 mansit,
252 517 380 597 quamvis
396 533 496 596 parum
507 515 652 576 salubrem
667 515 816 576 valitudini
831 534 900 576 suae
916 516 1017 578 urbem
1028 515 1122 576 hieme

120 600 514 680 experiretur,·assidueque
537 601 566 659 in
585 599 657 660 urbe
680 599 829 662 hiemaret.
864 599 1030 680 Siquando
1056 599 1123 679 qnid

2 680 3 690 ’
94 694 240 746 rsecreto
262 694 308 748 aut
321 687 385 746 sine
404 684 639 763 interpellatione
654 701 746 760 agere
761 684 979 764 proposuisset,
1002 692 1065 744 eret
1080 683 1123 744 illi
1171 695 1175 702 ’

1 825 2 828 ,
118 771 204 830 locus
229 768 356 830 inedito
381 767 551 846 singularis,
577 785 662 847 quem
683 768 844 842 Syracusas
867 776 896 828 et
917 765 1123 845 technopbyon

1 871 3 930 ι
118 853 259 916 vocabat:
272 853 328 914 hnc
339 851 489 928 transibat,
502 860 549 912 aut
561 852 590 910 in
601 850 720 912 alicuius
734 851 903 913 libertorum
914 850 1120 919 suburbanum

119 956 213 1015 aeger
237 945 332 1007 autem
356 938 384 996 in
410 935 496 996 domo
518 935 694 997 Maecenatis
718 935 850 996 cubabat.
887 935 934 996 Ex
954 934 1122 995 secessibus

118 1022 280 1101 praecipue
298 1020 493 1100 frequentavit
513 1020 651 1080 maritima
671 1019 836 1098 insulasque
860 1017 1052 1099 Campaniae,
1075 1025 1123 1079 aut

82 1106 253 1184 approxima
267 1103 332 1166 urbi
347 1103 468 1183 oppida,
485 1103 648 1179 Lanuvium,
663 1101 837 1179 Praeneste,
853 1102 958 1180 Tibur,
974 1102 1021 1163 nbi
1037 1105 1123 1164 etiam

117 1191 149 1248 in
170 1187 331 1268 porticibus
350 1187 487 1250 Herculis
509 1187 609 1266 templi
632 1204 776 1267 persaepe
797 1188 841 1248 ius
858 1187 938 1248 dixit.
968 1186 1073 1266 Ampla
1093 1194 1128 1245 ct,

117 1289 247 1351 operosa
269 1273 415 1350 premo-ria
429 1271 614 1349 navabatur.
644 1270 682 1330 Et
697 1272 792 1349 neptis
807 1271 921 1350 quidem
936 1289 1006 1332 suae
1020 1269 1121 1348 luliae,

116 1357 241 1436 profuse
264 1355 300 1416 ab
325 1374 360 1415 ca
382 1364 530 1433 extructa,
559 1357 644 1416 etiam
668 1354 752 1414 diruit
779 1354 815 1416 ad
836 1355 947 1431 solum,
976 1373 1028 1416 sua
1048 1369 1121 1413 vero

0 1488 1 1521 ,
118 1441 249 1518 panaris
270 1439 384 1500 modica
405 1455 463 1500 non
484 1448 541 1500 tarn
564 1448 720 1500 statuarum
743 1438 958 1518 tabularumque
980 1439 1122 1518 pictarum

0 1524 1 1589 l
81 1543 108 1583 tn
118 1533 232 1599 ornatu,
247 1541 331 1603 qnam
345 1523 439 1598 xystis
456 1531 486 1583 et
499 1523 665 1584 nemoribus
677 1521 806 1582 excoluit
817 1522 962 1602 rebusque
975 1530 1120 1583 vetustate

118 1626 154 1668 ac
168 1609 287 1668 raritate
301 1606 491 1668 notabilibus:
507 1607 603 1687 qualia
618 1615 684 1666 sunt
698 1604 820 1684 capreis
837 1607 996 1666 immanium
1010 1605 1119 1668 bellua·

116 1710 181 1752 rum
199 1692 381 1770 ferarumque
399 1691 526 1752 membra
549 1690 757 1770 praegrandia,
781 1708 854 1768 quae
869 1689 1000 1752 dicuntur
1016 1688 1120 1769 Gigan-

116 1785 177 1836 tum
198 1793 267 1836 ossa
288 1783 318 1836 ct
331 1793 408 1836 arma
421 1775 558 1837 lleronm.
585 1774 769 1835 lnstrnmenti
790 1776 852 1832 eius
874 1782 903 1833 et
925 1775 1121 1856 supellectilis
1129 1785 1165 1840 73

117 1859 292 1940 parsimonia
313 1867 435 1938 apparet
458 1861 543 1920 etiarn
566 1877 642 1918 nunc
658 1856 782 1918 residuis
797 1856 883 1918 lectis
902 1868 988 1939 atque
1003 1859 1121 1935 mensis,

78 1959 106 2000 ac
117 1961 240 2023 quorum
260 1943 402 2023 pleraque
424 1945 473 2004 vix
497 1939 627 2023 privatae
644 1941 806 2019 elegantiae
822 1941 888 2004 sint.
918 1943 963 2004 Ne
979 1952 1045 2003 toro
1061 1943 1122 2021 qni-

116 2029 184 2088 dem
199 2027 334 2088 cubuisse
349 2029 427 2088 aiunt
440 2027 494 2087 nisi
511 2026 608 2087 humili
625 2034 655 2086 et
669 2024 784 2086 modice
798 2028 928 2088 instrato.
960 2027 1053 2088 Veste
1064 2043 1123 2086 non

116 2121 230 2172 temere
252 2111 308 2172 alia
325 2127 409 2190 quam
424 2110 584 2172 domestica
598 2127 667 2170 usus
682 2117 743 2187 est,
765 2109 801 2171 ab
818 2128 922 2172 sorore
940 2120 970 2172 et
985 2127 1077 2172 uxore
1093 2117 1123 2170 et

116 2195 178 2256 tilia
190 2194 386 2274 'neptibusque
402 2195 553 2264 coniecta:
570 2195 650 2271 togis
661 2211 756 2272 neque
768 2196 913 2256 restrictis
926 2213 1022 2274 neque
1037 2195 1122 2269 lusis,

117 2280 203 2340 clavo
219 2297 276 2338 nec
292 2277 351 2340 lato
367 2297 422 2338 nec
437 2288 577 2356 angusto,
600 2277 795 2338 calciamentis
812 2279 987 2355 altiuscnlis,
1008 2287 1039 2338 ut
1054 2295 1121 2356 pro-

4 2403 8 2410 .
77 2363 219 2424 ascerior
239 2381 323 2442 qaam
346 2372 409 2424 erat
431 2363 587 2424 videretur.
624 2361 663 2422 Et
684 2363 812 2422 forensia
833 2371 976 2423 autemst
1001 2361 1122 2421 calceos

1 2456 2 2523 ζ
116 2464 271 2526 numquam
286 2463 345 2506 non
365 2448 438 2508 intra
459 2447 621 2508 cubiculum
640 2445 738 2506 habuit
758 2445 794 2506 ad
810 2444 924 2506 subitos
938 2446 1121 2525 repentinos-

0 2565 1 2574 κ
117 2549 175 2610 que
192 2549 279 2591 casus
295 2540 405 2610 parata.

160 2612 376 2678 Conuiuabatur
399 2613 515 2675 assidue
541 2632 596 2674 nec
618 2631 750 2691 umquam
774 2614 828 2673 nisi
850 2623 945 2688 recta,
974 2629 1032 2672 non
1058 2614 1119 2672 sine
1127 2608 1167 2666 tt

116 2716 224 2776 magno
246 2698 377 2759 ordinum
398 2697 601 2776 bominumque
623 2697 741 2759 dilectu.
771 2697 908 2759 Valerius
922 2696 1048 2758 blessala
1064 2705 1120 2756 tra·

38 2849 44 2864 „
78 2799 105 2840 ao
116 2782 173 2860 dit,
192 2785 338 2844 neminem
354 2799 486 2862 umquam
508 2782 706 2844 libertinorum
725 2781 880 2842 adhibitum
899 2781 935 2843 ab
958 2798 994 2842 eo
1012 2797 1121 2866 caeram

117 2875 246 2944 excepto
271 2866 373 2945 Mena,
401 2865 453 2928 sed
476 2875 589 2926 asserto
611 2868 640 2927 in
661 2867 867 2943 ingenuitatem
889 2875 957 2946 post
978 2861 1121 2944 proditam

116 2951 200 3011 Sexti
215 2950 335 3030 Pompei
357 2951 491 3012 classem.
522 2950 591 3029 lpse
615 2950 732 3027 scribit,
752 2951 889 3010 invitasse
912 2969 944 3012 se
967 2948 1120 3027 quendam,

115 3037 145 3094 in
163 3035 244 3096 culus
258 3033 328 3096 villa
344 3043 482 3112 maneret
499 3036 547 3113 qui
564 3035 735 3113 speculator
749 3053 816 3094 suus
831 3035 898 3094 olim
913 3034 1025 3094 luisset.
1045 3031 1121 3092 Gon·

115 3119 193 3178 vivia
213 3135 426 3199 nonnumquam
448 3127 478 3179 et
501 3121 595 3180 serius
616 3119 706 3180 inibat
728 3127 757 3178 et
774 3121 910 3178 maturius
927 3116 1121 3195 relinquebat,

1 3282 2 3285 Ἴ
34 3233 37 3237 .
77 3219 105 3260 as
117 3220 181 3262 cum
198 3205 341 3264 convivae
362 3212 392 3263 et
411 3221 535 3282 caenare
557 3205 720 3282 inciperent
740 3203 820 3281 prius
834 3220 917 3281 quam
933 3201 983 3261 ille
1000 3199 1121 3260 discum·

1 3318 3 3376 ᾗ
90 3293 93 3297 ’
115 3286 220 3363 beret,
237 3295 266 3348 ct
282 3297 486 3366 permanerent
502 3286 638 3365 digresso
656 3305 704 3347 eo.
738 3285 864 3348 Caenam
881 3287 971 3346 ternis
989 3282 1121 3358 ferculis,

1 3404 2 3407 κ
116 3378 164 3430 ant
185 3389 250 3432 cnm
271 3371 514 3432 abundantissime
530 3373 609 3430 senis
624 3363 787 3451 praebebat
792 3415 801 3446 ,
825 3379 856 3430 ut
871 3386 929 3428 non
943 3367 1032 3427 nimio
1047 3383 1120 3427 surn-

6 3499 11 3506 .
116 3462 183 3534 ptu,
197 3456 236 3515 ita
252 3473 359 3516 summa
377 3456 523 3516 comitate.
551 3454 624 3515 llam
640 3465 669 3516 et
682 3454 719 3515 ad
736 3454 965 3514 communionem
980 3449 1124 3512 sermonis
1169 3476 1176 3531 5
