<?xml version="1.0" encoding="UTF-8"?>
<!DOCTYPE html PUBLIC "-//W3C//DTD XHTML 1.0 Transitional//EN"
    "http://www.w3.org/TR/xhtml1/DTD/xhtml1-transitional.dtd">
<html xmlns="http://www.w3.org/1999/xhtml" xml:lang="en" lang="en">
 <head>
  <title>
</title>
<meta http-equiv="Content-Type" content="text/html;charset=utf-8" />
  <meta name='ocr-system' content='tesseract 3.04.00' />
  <meta name='ocr-capabilities' content='ocr_page ocr_carea ocr_par ocr_line ocrx_word'/>
</head>
<body>
  <div class='ocr_page' id='page_1' title='image "./csuetonitranqui00rothgoog_0063.png"; bbox 0 0 2408 3870; ppageno 0'>
   <div class='ocr_carea' id='block_1_1' title="bbox 467 155 1014 206">
    <p class='ocr_par' dir='ltr' id='par_1_1' title="bbox 467 155 1014 206">
     <span class='ocr_line' id='line_1_1' title="bbox 467 155 1014 206; baseline 0.005 -3"><span class='ocrx_word' id='word_1_1' title='bbox 467 155 674 205; x_wconf 72' lang='lat' dir='ltr'>PRAEFATIO.</span> <span class='ocrx_word' id='word_1_2' title='bbox 940 158 1014 206; x_wconf 73' lang='lat' dir='ltr'>nvn</span> 
     </span>
    </p>
   </div>
   <div class='ocr_carea' id='block_1_2' title="bbox 8 309 1150 2390">
    <p class='ocr_par' dir='ltr' id='par_1_2' title="bbox 8 309 1150 888">
     <span class='ocr_line' id='line_1_2' title="bbox 173 309 1150 389; baseline 0.005 -22"><span class='ocrx_word' id='word_1_3' title='bbox 173 309 288 369; x_wconf 77' lang='lat' dir='ltr'><strong>Meliora</strong></span> <span class='ocrx_word' id='word_1_4' title='bbox 301 315 388 385; x_wconf 86' lang='lat' dir='ltr'>igitur</span> <span class='ocrx_word' id='word_1_5' title='bbox 401 333 433 371; x_wconf 85' lang='lat' dir='ltr'>aa</span> <span class='ocrx_word' id='word_1_6' title='bbox 450 317 575 388; x_wconf 86' lang='lat' dir='ltr'>exempla</span> <span class='ocrx_word' id='word_1_7' title='bbox 587 315 659 380; x_wconf 85' lang='lat' dir='ltr'>dico,</span> <span class='ocrx_word' id='word_1_8' title='bbox 676 333 746 386; x_wconf 87' lang='lat' dir='ltr'>quaa</span> <span class='ocrx_word' id='word_1_9' title='bbox 762 316 917 373; x_wconf 84' lang='lat' dir='ltr'>indicem</span> <span class='ocrx_word' id='word_1_10' title='bbox 931 333 1015 389; x_wconf 86' lang='lat' dir='ltr'>prae-</span> <span class='ocrx_word' id='word_1_11' title='bbox 1029 321 1089 368; x_wconf 76' lang='lat' dir='ltr'>hort</span> <span class='ocrx_word' id='word_1_12' title='bbox 1102 339 1150 372; x_wconf 70' lang='lat' dir='ltr'>aa·</span> 
     </span>
     <span class='ocr_line' id='line_1_3' title="bbox 8 375 1123 472; baseline 0.002 -18"><span class='ocrx_word' id='word_1_13' title='bbox 8 413 13 441; x_wconf 65' lang='lat'>¹«</span> <span class='ocrx_word' id='word_1_14' title='bbox 108 397 243 458; x_wconf 84' lang='lat' dir='ltr'>scriplum</span> <span class='ocrx_word' id='word_1_15' title='bbox 258 399 360 453; x_wconf 85' lang='lat' dir='ltr'>hahent</span> <span class='ocrx_word' id='word_1_16' title='bbox 376 415 470 455; x_wconf 90' lang='lat' dir='ltr'>eorum</span> <span class='ocrx_word' id='word_1_17' title='bbox 486 399 723 470; x_wconf 88' lang='lat' dir='ltr'>grammaticorum</span> <span class='ocrx_word' id='word_1_18' title='bbox 739 407 767 456; x_wconf 85' lang='lat' dir='ltr'>et</span> <span class='ocrx_word' id='word_1_19' title='bbox 778 399 930 472; x_wconf 81' lang='lat' dir='ltr'>rhetorum,</span> <span class='ocrx_word' id='word_1_20' title='bbox 945 416 1014 472; x_wconf 87' lang='lat' dir='ltr'>qao·</span> <span class='ocrx_word' id='word_1_21' title='bbox 1047 375 1123 424; x_wconf 53' lang='grc' dir='ltr'>ΗΘΜ·</span> 
     </span>
     <span class='ocr_line' id='line_1_4' title="bbox 109 481 1015 552; baseline 0.004 -16"><span class='ocrx_word' id='word_1_22' title='bbox 109 497 170 536; x_wconf 90' lang='lat' dir='ltr'>rum</span> <span class='ocrx_word' id='word_1_23' title='bbox 187 481 259 536; x_wconf 77' lang='lat' dir='ltr'>vitas</span> <span class='ocrx_word' id='word_1_24' title='bbox 277 481 391 537; x_wconf 88' lang='lat' dir='ltr'>libellus</span> <span class='ocrx_word' id='word_1_25' title='bbox 406 481 515 552; x_wconf 78' lang='lat' dir='ltr'>integer</span> <span class='ocrx_word' id='word_1_26' title='bbox 528 481 697 538; x_wconf 87' lang='lat' dir='ltr'>continebat.</span> <span class='ocrx_word' id='word_1_27' title='bbox 740 482 768 539; x_wconf 90' lang='lat' dir='ltr'>ls</span> <span class='ocrx_word' id='word_1_28' title='bbox 785 482 871 540; x_wconf 89' lang='lat' dir='ltr'>iudex</span> <span class='ocrx_word' id='word_1_29' title='bbox 883 499 1015 540; x_wconf 89' lang='lat' dir='ltr'>necessa-</span> 
     </span>
     <span class='ocr_line' id='line_1_5' title="bbox 107 563 1014 638; baseline 0.004 -18"><span class='ocrx_word' id='word_1_30' title='bbox 107 566 152 621; x_wconf 90' lang='lat' dir='ltr'>rio</span> <span class='ocrx_word' id='word_1_31' title='bbox 172 563 382 635; x_wconf 88' lang='lat' dir='ltr'>antiquissimus</span> <span class='ocrx_word' id='word_1_32' title='bbox 404 573 431 620; x_wconf 92' lang='lat' dir='ltr'>et</span> <span class='ocrx_word' id='word_1_33' title='bbox 448 567 491 620; x_wconf 90' lang='lat' dir='ltr'>vel</span> <span class='ocrx_word' id='word_1_34' title='bbox 508 563 688 621; x_wconf 86' lang='lat' dir='ltr'>lienochiano</span> <span class='ocrx_word' id='word_1_35' title='bbox 708 565 782 622; x_wconf 92' lang='lat' dir='ltr'>lihro</span> <span class='ocrx_word' id='word_1_36' title='bbox 804 567 946 638; x_wconf 77' lang='lat' dir='ltr'>antiquior</span> <span class='ocrx_word' id='word_1_37' title='bbox 961 574 1014 635; x_wconf 87' lang='lat' dir='ltr'>est,</span> 
     </span>
     <span class='ocr_line' id='line_1_6' title="bbox 108 649 1013 721; baseline 0.004 -18"><span class='ocrx_word' id='word_1_38' title='bbox 108 665 170 704; x_wconf 86' lang='lat' dir='ltr'>oum</span> <span class='ocrx_word' id='word_1_39' title='bbox 192 653 221 702; x_wconf 91' lang='lat' dir='ltr'>et</span> <span class='ocrx_word' id='word_1_40' title='bbox 244 649 406 720; x_wconf 75' lang='lat' dir='ltr'>deperditae</span> <span class='ocrx_word' id='word_1_41' title='bbox 427 649 515 721; x_wconf 91' lang='lat' dir='ltr'>partis</span> <span class='ocrx_word' id='word_1_42' title='bbox 536 649 644 704; x_wconf 90' lang='lat' dir='ltr'>nomina</span> <span class='ocrx_word' id='word_1_43' title='bbox 665 651 837 718; x_wconf 84' lang='lat' dir='ltr'>servaverit,</span> <span class='ocrx_word' id='word_1_44' title='bbox 864 651 914 706; x_wconf 90' lang='lat' dir='ltr'>elr.</span> <span class='ocrx_word' id='word_1_45' title='bbox 942 650 1013 707; x_wconf 83' lang='lat' dir='ltr'>inira</span> 
     </span>
     <span class='ocr_line' id='line_1_7' title="bbox 107 729 1014 808; baseline -0.001 -18"><span class='ocrx_word' id='word_1_46' title='bbox 107 749 134 804; x_wconf 87' lang='lat' dir='ltr'>p.</span> <span class='ocrx_word' id='word_1_47' title='bbox 148 735 217 800; x_wconf 83' lang='grc'>272,</span> <span class='ocrx_word' id='word_1_48' title='bbox 244 737 272 786; x_wconf 91' lang='lat' dir='ltr'>et</span> <span class='ocrx_word' id='word_1_49' title='bbox 292 733 325 787; x_wconf 90' lang='lat' dir='ltr'>ad</span> <span class='ocrx_word' id='word_1_50' title='bbox 352 733 528 804; x_wconf 83' lang='lat' dir='ltr'>superstitem</span> <span class='ocrx_word' id='word_1_51' title='bbox 550 737 656 804; x_wconf 92' lang='lat' dir='ltr'>partem</span> <span class='ocrx_word' id='word_1_52' title='bbox 677 729 921 808; x_wconf 58' lang='lat' dir='ltr'>emendationisP)</span> <span class='ocrx_word' id='word_1_53' title='bbox 945 751 1014 790; x_wconf 91' lang='lat' dir='ltr'>uon-</span> 
     </span>
     <span class='ocr_line' id='line_1_8' title="bbox 107 814 1015 888; baseline 0.003 -17"><span class='ocrx_word' id='word_1_54' title='bbox 107 814 178 872; x_wconf 90' lang='lat' dir='ltr'>nihil</span> <span class='ocrx_word' id='word_1_55' title='bbox 196 815 331 870; x_wconf 77' lang='lat' dir='ltr'>conferat.</span> <span class='ocrx_word' id='word_1_56' title='bbox 361 817 492 872; x_wconf 82' lang='lat' dir='ltr'>Fortasse</span> <span class='ocrx_word' id='word_1_57' title='bbox 508 834 541 871; x_wconf 89' lang='lat' dir='ltr'>ne</span> <span class='ocrx_word' id='word_1_58' title='bbox 558 822 665 871; x_wconf 90' lang='lat' dir='ltr'>erraret</span> <span class='ocrx_word' id='word_1_59' title='bbox 681 816 800 886; x_wconf 86' lang='lat' dir='ltr'>quidem,</span> <span class='ocrx_word' id='word_1_60' title='bbox 816 818 839 872; x_wconf 92' lang='lat' dir='ltr'>si</span> <span class='ocrx_word' id='word_1_61' title='bbox 857 818 919 888; x_wconf 87' lang='lat' dir='ltr'>quis</span> <span class='ocrx_word' id='word_1_62' title='bbox 933 814 1015 874; x_wconf 83' lang='lat' dir='ltr'>Plinii</span> 
     </span>
    </p>

    <p class='ocr_par' dir='ltr' id='par_1_3' title="bbox 8 897 1014 973">
     <span class='ocr_line' id='line_1_9' title="bbox 8 897 1014 973; baseline 0.002 -19"><span class='ocrx_word' id='word_1_63' title='bbox 8 929 9 938; x_wconf 57' lang='lat'>2</span> <span class='ocrx_word' id='word_1_64' title='bbox 85 897 86 900; x_wconf 70' lang='grc'>’</span> <span class='ocrx_word' id='word_1_65' title='bbox 107 897 235 966; x_wconf 87' lang='lat' dir='ltr'>maioris,</span> <span class='ocrx_word' id='word_1_66' title='bbox 251 897 343 967; x_wconf 83' lang='lat' dir='ltr'>Gellii,</span> <span class='ocrx_word' id='word_1_67' title='bbox 359 897 473 970; x_wconf 81' lang='lat' dir='ltr'>Hygini,</span> <span class='ocrx_word' id='word_1_68' title='bbox 487 899 621 970; x_wconf 74' lang='lat' dir='ltr'>Polyaeni</span> <span class='ocrx_word' id='word_1_69' title='bbox 636 899 771 970; x_wconf 86' lang='lat' dir='ltr'>exemplis</span> <span class='ocrx_word' id='word_1_70' title='bbox 787 917 853 956; x_wconf 91' lang='lat' dir='ltr'>usus</span> <span class='ocrx_word' id='word_1_71' title='bbox 872 900 926 973; x_wconf 90' lang='lat' dir='ltr'>ipsi</span> <span class='ocrx_word' id='word_1_72' title='bbox 944 901 1014 956; x_wconf 85' lang='lat' dir='ltr'>Sue-</span> 
     </span>
    </p>

    <p class='ocr_par' dir='ltr' id='par_1_4' title="bbox 8 981 359 1038">
     <span class='ocr_line' id='line_1_10' title="bbox 8 981 359 1038; baseline -0.003 0"><span class='ocrx_word' id='word_1_73' title='bbox 8 987 9 990; x_wconf 75' lang='grc'>’</span> <span class='ocrx_word' id='word_1_74' title='bbox 107 981 359 1038; x_wconf 88' lang='lat' dir='ltr'>tonio&#39;trihueret.</span> 
     </span>
    </p>

    <p class='ocr_par' dir='ltr' id='par_1_5' title="bbox 8 1065 1014 1140">
     <span class='ocr_line' id='line_1_11' title="bbox 8 1065 1014 1140; baseline 0.004 -21"><span class='ocrx_word' id='word_1_75' title='bbox 8 1113 9 1140; x_wconf 37' lang='lat'><em>3</em></span> <span class='ocrx_word' id='word_1_76' title='bbox 172 1065 250 1120; x_wconf 91' lang='lat' dir='ltr'>llunc</span> <span class='ocrx_word' id='word_1_77' title='bbox 269 1065 355 1136; x_wconf 88' lang='lat' dir='ltr'>igitur</span> <span class='ocrx_word' id='word_1_78' title='bbox 370 1068 508 1122; x_wconf 87' lang='lat' dir='ltr'>nominum</span> <span class='ocrx_word' id='word_1_79' title='bbox 531 1066 650 1122; x_wconf 91' lang='lat' dir='ltr'>indicem</span> <span class='ocrx_word' id='word_1_80' title='bbox 675 1065 703 1122; x_wconf 91' lang='lat' dir='ltr'>iu</span> <span class='ocrx_word' id='word_1_81' title='bbox 720 1065 811 1140; x_wconf 86' lang='lat' dir='ltr'>eapite</span> <span class='ocrx_word' id='word_1_82' title='bbox 832 1067 921 1123; x_wconf 90' lang='lat' dir='ltr'>lihelli</span> <span class='ocrx_word' id='word_1_83' title='bbox 944 1067 1014 1124; x_wconf 90' lang='lat' dir='ltr'>sori·</span> 
     </span>
    </p>

    <p class='ocr_par' dir='ltr' id='par_1_6' title="bbox 8 1150 440 1221">
     <span class='ocr_line' id='line_1_12' title="bbox 8 1150 440 1221; baseline 0.009 -20"><span class='ocrx_word' id='word_1_84' title='bbox 8 1167 11 1186; x_wconf 85' lang='lat'><em>·</em></span> <span class='ocrx_word' id='word_1_85' title='bbox 108 1155 184 1221; x_wconf 91' lang='lat' dir='ltr'>ptam</span> <span class='ocrx_word' id='word_1_86' title='bbox 200 1150 303 1204; x_wconf 87' lang='lat' dir='ltr'>hahent</span> <span class='ocrx_word' id='word_1_87' title='bbox 315 1150 382 1205; x_wconf 87' lang='lat' dir='ltr'>libri</span> <span class='ocrx_word' id='word_1_88' title='bbox 397 1151 440 1206; x_wconf 90' lang='lat' dir='ltr'>hi:</span> 
     </span>
    </p>

    <p class='ocr_par' dir='ltr' id='par_1_7' title="bbox 8 1233 1015 1472">
     <span class='ocr_line' id='line_1_13' title="bbox 8 1233 1015 1307; baseline 0.005 -23"><span class='ocrx_word' id='word_1_89' title='bbox 8 1261 10 1272; x_wconf 39' lang='grc' dir='ltr'><em>ψ</em></span> <span class='ocrx_word' id='word_1_90' title='bbox 152 1241 176 1292; x_wconf 93' lang='lat'>1.</span> <span class='ocrx_word' id='word_1_91' title='bbox 194 1233 363 1288; x_wconf 88' lang='lat' dir='ltr'>Vaticani</span> <span class='ocrx_word' id='word_1_92' title='bbox 380 1235 448 1290; x_wconf 93' lang='lat' dir='ltr'>duo</span> <span class='ocrx_word' id='word_1_93' title='bbox 465 1236 498 1290; x_wconf 94' lang='lat' dir='ltr'>ah</span> <span class='ocrx_word' id='word_1_94' title='bbox 515 1233 624 1288; x_wconf 82' lang='lat' dir='ltr'>Achille</span> <span class='ocrx_word' id='word_1_95' title='bbox 641 1233 731 1291; x_wconf 84' lang='lat' dir='ltr'>Statio</span> <span class='ocrx_word' id='word_1_96' title='bbox 752 1252 777 1290; x_wconf 89' lang='lat' dir='ltr'>a.</span> <span class='ocrx_word' id='word_1_97' title='bbox 797 1241 863 1295; x_wconf 83' lang='lat'>1565</span> <span class='ocrx_word' id='word_1_98' title='bbox 884 1235 1015 1307; x_wconf 80' lang='lat' dir='ltr'>inspecti,</span> 
     </span>
     <span class='ocr_line' id='line_1_14' title="bbox 108 1315 1015 1390; baseline 0 -18"><span class='ocrx_word' id='word_1_99' title='bbox 108 1316 194 1372; x_wconf 92' lang='lat' dir='ltr'>hodie</span> <span class='ocrx_word' id='word_1_100' title='bbox 210 1315 264 1370; x_wconf 91' lang='lat' dir='ltr'>nisi</span> <span class='ocrx_word' id='word_1_101' title='bbox 283 1316 366 1372; x_wconf 83' lang='lat' dir='ltr'>fallor</span> <span class='ocrx_word' id='word_1_102' title='bbox 387 1318 591 1378; x_wconf 81' lang='lat' dir='ltr'>nurneris1518</span> <span class='ocrx_word' id='word_1_103' title='bbox 607 1324 635 1373; x_wconf 87' lang='lat' dir='ltr'>et</span> <span class='ocrx_word' id='word_1_104' title='bbox 654 1324 721 1378; x_wconf 84' lang='grc'>1862</span> <span class='ocrx_word' id='word_1_105' title='bbox 737 1317 878 1389; x_wconf 88' lang='lat' dir='ltr'>distincti,</span> <span class='ocrx_word' id='word_1_106' title='bbox 899 1334 1015 1390; x_wconf 86' lang='lat' dir='ltr'>quorum</span> 
     </span>
     <span class='ocr_line' id='line_1_15' title="bbox 109 1399 1013 1472; baseline 0.002 -18"><span class='ocrx_word' id='word_1_107' title='bbox 109 1400 324 1470; x_wconf 88' lang='lat' dir='ltr'>uterqucTaciti</span> <span class='ocrx_word' id='word_1_108' title='bbox 344 1417 455 1471; x_wconf 90' lang='lat' dir='ltr'>quoque</span> <span class='ocrx_word' id='word_1_109' title='bbox 467 1399 638 1456; x_wconf 76' lang='lat' dir='ltr'>Germaniam</span> <span class='ocrx_word' id='word_1_110' title='bbox 655 1409 682 1458; x_wconf 92' lang='lat' dir='ltr'>et</span> <span class='ocrx_word' id='word_1_111' title='bbox 698 1399 916 1470; x_wconf 88' lang='lat' dir='ltr'>deOratorihus,</span> <span class='ocrx_word' id='word_1_112' title='bbox 931 1419 1013 1472; x_wconf 90' lang='lat' dir='ltr'>prae·</span> 
     </span>
    </p>

    <p class='ocr_par' dir='ltr' id='par_1_8' title="bbox 8 1481 1018 2054">
     <span class='ocr_line' id='line_1_16' title="bbox 8 1481 1016 1555; baseline 0.002 -15"><span class='ocrx_word' id='word_1_113' title='bbox 8 1531 11 1540; x_wconf 76' lang='grc'>,</span> <span class='ocrx_word' id='word_1_114' title='bbox 109 1491 187 1537; x_wconf 89' lang='lat' dir='ltr'>terea</span> <span class='ocrx_word' id='word_1_115' title='bbox 206 1481 285 1554; x_wconf 93' lang='lat' dir='ltr'>prior</span> <span class='ocrx_word' id='word_1_116' title='bbox 299 1483 499 1555; x_wconf 78' lang='lat' dir='ltr'>Porphyrionis</span> <span class='ocrx_word' id='word_1_117' title='bbox 511 1483 618 1540; x_wconf 85' lang='lat' dir='ltr'>scholia</span> <span class='ocrx_word' id='word_1_118' title='bbox 637 1484 786 1540; x_wconf 90' lang='lat' dir='ltr'>Horatiana</span> <span class='ocrx_word' id='word_1_119' title='bbox 803 1485 935 1541; x_wconf 90' lang='lat' dir='ltr'>continet.</span> <span class='ocrx_word' id='word_1_120' title='bbox 958 1487 1016 1542; x_wconf 85' lang='lat' dir='ltr'>Va-</span> 
     </span>
     <span class='ocr_line' id='line_1_17' title="bbox 110 1565 1015 1640; baseline 0.003 -19"><span class='ocrx_word' id='word_1_121' title='bbox 110 1567 227 1622; x_wconf 86' lang='lat' dir='ltr'>rietates</span> <span class='ocrx_word' id='word_1_122' title='bbox 249 1584 264 1622; x_wconf 90' lang='lat' dir='ltr'>a</span> <span class='ocrx_word' id='word_1_123' title='bbox 287 1565 376 1624; x_wconf 84' lang='lat' dir='ltr'>Statio</span> <span class='ocrx_word' id='word_1_124' title='bbox 394 1565 520 1639; x_wconf 86' lang='lat' dir='ltr'>proditas</span> <span class='ocrx_word' id='word_1_125' title='bbox 538 1567 687 1638; x_wconf 90' lang='lat' dir='ltr'>plerasque</span> <span class='ocrx_word' id='word_1_126' title='bbox 708 1567 736 1622; x_wconf 93' lang='lat' dir='ltr'>in</span> <span class='ocrx_word' id='word_1_127' title='bbox 757 1567 884 1624; x_wconf 78' lang='lat' dir='ltr'>leidensi</span> <span class='ocrx_word' id='word_1_128' title='bbox 903 1585 1015 1640; x_wconf 87' lang='lat' dir='ltr'>quoque</span> 
     </span>
     <span class='ocr_line' id='line_1_18' title="bbox 110 1648 1016 1721; baseline 0.002 -15"><span class='ocrx_word' id='word_1_129' title='bbox 110 1650 155 1706; x_wconf 84' lang='lat' dir='ltr'>vel</span> <span class='ocrx_word' id='word_1_130' title='bbox 172 1648 297 1706; x_wconf 86' lang='lat' dir='ltr'>Gudiano</span> <span class='ocrx_word' id='word_1_131' title='bbox 316 1649 389 1707; x_wconf 89' lang='lat' dir='ltr'>lihro</span> <span class='ocrx_word' id='word_1_132' title='bbox 411 1651 552 1721; x_wconf 86' lang='lat' dir='ltr'>invenias,</span> <span class='ocrx_word' id='word_1_133' title='bbox 578 1652 628 1705; x_wconf 91' lang='lat' dir='ltr'>sed</span> <span class='ocrx_word' id='word_1_134' title='bbox 649 1657 710 1706; x_wconf 90' lang='lat' dir='ltr'>uter</span> <span class='ocrx_word' id='word_1_135' title='bbox 725 1651 778 1706; x_wconf 88' lang='lat' dir='ltr'>utri</span> <span class='ocrx_word' id='word_1_136' title='bbox 798 1652 915 1707; x_wconf 88' lang='lat' dir='ltr'>similior</span> <span class='ocrx_word' id='word_1_137' title='bbox 930 1654 967 1708; x_wconf 89' lang='lat' dir='ltr'>sit</span> <span class='ocrx_word' id='word_1_138' title='bbox 986 1653 1016 1708; x_wconf 93' lang='lat' dir='ltr'>in</span> 
     </span>
     <span class='ocr_line' id='line_1_19' title="bbox 109 1729 1018 1808; baseline 0.003 -20"><span class='ocrx_word' id='word_1_139' title='bbox 109 1733 158 1808; x_wconf 89' lang='lat' dir='ltr'>illa</span> <span class='ocrx_word' id='word_1_140' title='bbox 177 1729 366 1804; x_wconf 86' lang='lat' dir='ltr'>distinguendi</span> <span class='ocrx_word' id='word_1_141' title='bbox 382 1735 554 1805; x_wconf 82' lang='lat' dir='ltr'>negligentia</span> <span class='ocrx_word' id='word_1_142' title='bbox 571 1749 625 1788; x_wconf 91' lang='lat' dir='ltr'>non</span> <span class='ocrx_word' id='word_1_143' title='bbox 641 1729 798 1805; x_wconf 53' lang='lat' dir='ltr'>dixerisss).</span> <span class='ocrx_word' id='word_1_144' title='bbox 839 1735 939 1790; x_wconf 86' lang='lat' dir='ltr'>Verum</span> <span class='ocrx_word' id='word_1_145' title='bbox 955 1751 1018 1791; x_wconf 89' lang='lat' dir='ltr'>cum</span> 
     </span>
     <span class='ocr_line' id='line_1_20' title="bbox 110 1816 1016 1889; baseline 0.002 -18"><span class='ocrx_word' id='word_1_146' title='bbox 110 1816 139 1871; x_wconf 89' lang='lat' dir='ltr'>in</span> <span class='ocrx_word' id='word_1_147' title='bbox 157 1817 254 1872; x_wconf 87' lang='lat' dir='ltr'>Tacito</span> <span class='ocrx_word' id='word_1_148' title='bbox 276 1816 319 1872; x_wconf 91' lang='lat' dir='ltr'>illi</span> <span class='ocrx_word' id='word_1_149' title='bbox 340 1818 489 1873; x_wconf 89' lang='lat' dir='ltr'>seeundum</span> <span class='ocrx_word' id='word_1_150' title='bbox 508 1816 668 1872; x_wconf 89' lang='lat' dir='ltr'>Leidensem</span> <span class='ocrx_word' id='word_1_151' title='bbox 690 1817 785 1889; x_wconf 88' lang='lat' dir='ltr'>optimi</span> <span class='ocrx_word' id='word_1_152' title='bbox 812 1817 1016 1886; x_wconf 85' lang='lat' dir='ltr'>existimentur,</span> 
     </span>
     <span class='ocr_line' id='line_1_21' title="bbox 111 1899 1015 1973; baseline 0 -17"><span class='ocrx_word' id='word_1_153' title='bbox 111 1901 207 1971; x_wconf 87' lang='lat' dir='ltr'>utique</span> <span class='ocrx_word' id='word_1_154' title='bbox 229 1900 386 1970; x_wconf 88' lang='lat' dir='ltr'>dignissimi</span> <span class='ocrx_word' id='word_1_155' title='bbox 408 1908 470 1956; x_wconf 87' lang='lat' dir='ltr'>sunt</span> <span class='ocrx_word' id='word_1_156' title='bbox 496 1900 541 1972; x_wconf 91' lang='lat' dir='ltr'>qui</span> <span class='ocrx_word' id='word_1_157' title='bbox 563 1899 690 1956; x_wconf 86' lang='lat' dir='ltr'>Suetonii</span> <span class='ocrx_word' id='word_1_158' title='bbox 707 1917 817 1973; x_wconf 90' lang='lat' dir='ltr'>quoqne</span> <span class='ocrx_word' id='word_1_159' title='bbox 839 1901 931 1971; x_wconf 87' lang='lat' dir='ltr'>gratia</span> <span class='ocrx_word' id='word_1_160' title='bbox 951 1901 1015 1956; x_wconf 90' lang='lat' dir='ltr'>dili-</span> 
     </span>
     <span class='ocr_line' id='line_1_22' title="bbox 112 1983 431 2054; baseline 0 -16"><span class='ocrx_word' id='word_1_161' title='bbox 112 1991 212 2054; x_wconf 84' lang='lat' dir='ltr'>genter</span> <span class='ocrx_word' id='word_1_162' title='bbox 231 1983 431 2039; x_wconf 84' lang='lat' dir='ltr'>examinentur.</span> 
     </span>
    </p>

    <p class='ocr_par' dir='ltr' id='par_1_9' title="bbox 111 2065 1017 2307">
     <span class='ocr_line' id='line_1_23' title="bbox 153 2065 1017 2127; baseline -0.002 -3"><span class='ocrx_word' id='word_1_163' title='bbox 153 2074 179 2124; x_wconf 90' lang='grc'>2.</span> <span class='ocrx_word' id='word_1_164' title='bbox 210 2067 399 2123; x_wconf 90' lang='lat' dir='ltr'>Leideusis</span> <span class='ocrx_word' id='word_1_165' title='bbox 414 2067 501 2124; x_wconf 86' lang='lat' dir='ltr'>XVlll</span> <span class='ocrx_word' id='word_1_166' title='bbox 516 2065 604 2122; x_wconf 84' lang='lat' dir='ltr'>Paria.</span> <span class='ocrx_word' id='word_1_167' title='bbox 621 2083 647 2122; x_wconf 87' lang='lat' dir='ltr'>c.</span> <span class='ocrx_word' id='word_1_168' title='bbox 664 2073 697 2127; x_wconf 88' lang='grc'>21</span> <span class='ocrx_word' id='word_1_169' title='bbox 722 2084 781 2122; x_wconf 89' lang='lat' dir='ltr'>cum</span> <span class='ocrx_word' id='word_1_170' title='bbox 804 2068 911 2124; x_wconf 86' lang='lat' dir='ltr'>dachus</span> <span class='ocrx_word' id='word_1_171' title='bbox 928 2066 1017 2123; x_wconf 81' lang='lat' dir='ltr'>Taciti</span> 
     </span>
     <span class='ocr_line' id='line_1_24' title="bbox 112 2150 1014 2224; baseline 0.001 -20"><span class='ocrx_word' id='word_1_172' title='bbox 112 2150 218 2206; x_wconf 91' lang='lat' dir='ltr'>libellis</span> <span class='ocrx_word' id='word_1_173' title='bbox 233 2151 405 2206; x_wconf 88' lang='lat' dir='ltr'>coniunctus.</span> <span class='ocrx_word' id='word_1_174' title='bbox 438 2151 566 2224; x_wconf 88' lang='lat' dir='ltr'>Scriptus</span> <span class='ocrx_word' id='word_1_175' title='bbox 582 2156 625 2206; x_wconf 90' lang='lat' dir='ltr'>est</span> <span class='ocrx_word' id='word_1_176' title='bbox 641 2169 666 2207; x_wconf 88' lang='lat' dir='ltr'>a.</span> <span class='ocrx_word' id='word_1_177' title='bbox 682 2156 749 2210; x_wconf 79' lang='lat'>1460</span> <span class='ocrx_word' id='word_1_178' title='bbox 764 2152 798 2207; x_wconf 86' lang='lat' dir='ltr'>nh</span> <span class='ocrx_word' id='word_1_179' title='bbox 814 2151 928 2207; x_wconf 88' lang='lat' dir='ltr'>loviano</span> <span class='ocrx_word' id='word_1_180' title='bbox 943 2150 1014 2207; x_wconf 89' lang='lat' dir='ltr'>Pon·</span> 
     </span>
     <span class='ocr_line' id='line_1_25' title="bbox 111 2233 1016 2307; baseline 0.002 -19"><span class='ocrx_word' id='word_1_181' title='bbox 111 2241 188 2303; x_wconf 89' lang='lat' dir='ltr'>tano,</span> <span class='ocrx_word' id='word_1_182' title='bbox 206 2235 327 2290; x_wconf 78' lang='lat' dir='ltr'>tortasse</span> <span class='ocrx_word' id='word_1_183' title='bbox 342 2233 476 2307; x_wconf 85' lang='lat' dir='ltr'>Neapoli,</span> <span class='ocrx_word' id='word_1_184' title='bbox 496 2235 546 2291; x_wconf 83' lang='lat' dir='ltr'>eir.</span> <span class='ocrx_word' id='word_1_185' title='bbox 561 2252 588 2306; x_wconf 93' lang='lat' dir='ltr'>p.</span> <span class='ocrx_word' id='word_1_186' title='bbox 605 2240 671 2304; x_wconf 83' lang='grc'>288,</span> <span class='ocrx_word' id='word_1_187' title='bbox 687 2241 741 2290; x_wconf 89' lang='lat' dir='ltr'>tum</span> <span class='ocrx_word' id='word_1_188' title='bbox 757 2253 781 2291; x_wconf 90' lang='lat' dir='ltr'>a.</span> <span class='ocrx_word' id='word_1_189' title='bbox 799 2239 867 2294; x_wconf 76' lang='grc'>1742</span> <span class='ocrx_word' id='word_1_190' title='bbox 881 2235 1016 2290; x_wconf 87' lang='lat' dir='ltr'>incertum</span> 
     </span>
    </p>

    <p class='ocr_par' dir='ltr' id='par_1_10' title="bbox 52 2317 1016 2390">
     <span class='ocr_line' id='line_1_26' title="bbox 52 2317 1016 2390; baseline 0 -18"><span class='ocrx_word' id='word_1_191' title='bbox 52 2327 58 2334; x_wconf 87' lang='grc'><em>·</em></span> <span class='ocrx_word' id='word_1_192' title='bbox 111 2319 185 2374; x_wconf 88' lang='lat' dir='ltr'>uude</span> <span class='ocrx_word' id='word_1_193' title='bbox 202 2336 217 2374; x_wconf 89' lang='lat' dir='ltr'>a</span> <span class='ocrx_word' id='word_1_194' title='bbox 232 2317 413 2374; x_wconf 88' lang='lat' dir='ltr'>Leidensihus</span> <span class='ocrx_word' id='word_1_195' title='bbox 436 2324 464 2374; x_wconf 90' lang='lat' dir='ltr'>at</span> <span class='ocrx_word' id='word_1_196' title='bbox 483 2335 548 2374; x_wconf 91' lang='lat' dir='ltr'>aere</span> <span class='ocrx_word' id='word_1_197' title='bbox 565 2318 675 2388; x_wconf 86' lang='lat' dir='ltr'>qnidam</span> <span class='ocrx_word' id='word_1_198' title='bbox 697 2319 771 2390; x_wconf 90' lang='lat' dir='ltr'>quod</span> <span class='ocrx_word' id='word_1_199' title='bbox 785 2317 947 2375; x_wconf 83' lang='lat' dir='ltr'>Perizonius</span> <span class='ocrx_word' id='word_1_200' title='bbox 972 2318 1016 2373; x_wconf 86' lang='lat' dir='ltr'>le-</span> 
     </span>
    </p>
   </div>
   <div class='ocr_carea' id='block_1_3' title="bbox 114 2446 324 2456">
    <p class='ocr_par' dir='ltr' id='par_1_11' title="bbox 114 2446 324 2456">
     <span class='ocr_line' id='line_1_27' title="bbox 114 2446 324 2456; baseline 0 0"><span class='ocrx_word' id='word_1_201' title='bbox 114 2446 324 2456; x_wconf 66' lang='grc' dir='ltr'>..ιιι-...ι-</span> 
     </span>
    </p>
   </div>
   <div class='ocr_carea' id='block_1_4' title="bbox 112 2513 1019 3250">
    <p class='ocr_par' dir='ltr' id='par_1_12' title="bbox 112 2513 1019 3250">
     <span class='ocr_line' id='line_1_28' title="bbox 181 2513 1018 2583; baseline -0.002 -17"><span class='ocrx_word' id='word_1_202' title='bbox 181 2513 228 2577; x_wconf 82' lang='grc'>34)</span> <span class='ocrx_word' id='word_1_203' title='bbox 243 2515 409 2567; x_wconf 78' lang='lat' dir='ltr'>praenomina</span> <span class='ocrx_word' id='word_1_204' title='bbox 426 2518 656 2583; x_wconf 82' lang='lat' dir='ltr'>grammaticorum,</span> <span class='ocrx_word' id='word_1_205' title='bbox 674 2531 738 2580; x_wconf 87' lang='lat' dir='ltr'>quae</span> <span class='ocrx_word' id='word_1_206' title='bbox 755 2517 806 2566; x_wconf 90' lang='lat' dir='ltr'>iam</span> <span class='ocrx_word' id='word_1_207' title='bbox 819 2517 844 2564; x_wconf 92' lang='lat' dir='ltr'>in</span> <span class='ocrx_word' id='word_1_208' title='bbox 855 2513 1018 2564; x_wconf 86' lang='lat' dir='ltr'>Henochiauo</span> 
     </span>
     <span class='ocr_line' id='line_1_29' title="bbox 113 2582 1018 2649; baseline 0.001 -18"><span class='ocrx_word' id='word_1_209' title='bbox 113 2583 178 2632; x_wconf 88' lang='lat' dir='ltr'>libro</span> <span class='ocrx_word' id='word_1_210' title='bbox 199 2583 352 2634; x_wconf 83' lang='lat' dir='ltr'>effluxerant</span> <span class='ocrx_word' id='word_1_211' title='bbox 377 2593 436 2634; x_wconf 90' lang='lat' dir='ltr'>noto</span> <span class='ocrx_word' id='word_1_212' title='bbox 459 2585 501 2636; x_wconf 91' lang='lat' dir='ltr'>illo</span> <span class='ocrx_word' id='word_1_213' title='bbox 528 2586 668 2636; x_wconf 88' lang='lat' dir='ltr'>scribarum</span> <span class='ocrx_word' id='word_1_214' title='bbox 689 2599 759 2634; x_wconf 90' lang='lat' dir='ltr'>more</span> <span class='ocrx_word' id='word_1_215' title='bbox 778 2584 899 2649; x_wconf 87' lang='lat' dir='ltr'>capitales</span> <span class='ocrx_word' id='word_1_216' title='bbox 921 2582 1018 2633; x_wconf 85' lang='lat' dir='ltr'>litteras</span> 
     </span>
     <span class='ocr_line' id='line_1_30' title="bbox 113 2651 1018 2716; baseline -0.002 -14"><span class='ocrx_word' id='word_1_217' title='bbox 113 2652 260 2712; x_wconf 88' lang='lat' dir='ltr'>omittendi,</span> <span class='ocrx_word' id='word_1_218' title='bbox 282 2661 310 2702; x_wconf 89' lang='lat' dir='ltr'>nt</span> <span class='ocrx_word' id='word_1_219' title='bbox 331 2653 362 2702; x_wconf 85' lang='lat' dir='ltr'>ab</span> <span class='ocrx_word' id='word_1_220' title='bbox 378 2653 510 2704; x_wconf 81' lang='lat' dir='ltr'>ministare</span> <span class='ocrx_word' id='word_1_221' title='bbox 529 2655 669 2703; x_wconf 88' lang='lat' dir='ltr'>ornatiores</span> <span class='ocrx_word' id='word_1_222' title='bbox 691 2653 829 2712; x_wconf 87' lang='lat' dir='ltr'>addantur,</span> <span class='ocrx_word' id='word_1_223' title='bbox 855 2651 948 2702; x_wconf 86' lang='lat' dir='ltr'>Indicia</span> <span class='ocrx_word' id='word_1_224' title='bbox 968 2664 1018 2716; x_wconf 88' lang='lat' dir='ltr'>ope</span> 
     </span>
     <span class='ocr_line' id='line_1_31' title="bbox 112 2718 1017 2854; baseline -0.002 -16"><span class='ocrx_word' id='word_1_225' title='bbox 112 2721 253 2846; x_wconf 55' lang='lat' dir='ltr'>{lodpaedadd</span> <span class='ocrx_word' id='word_1_226' title='bbox 268 2721 454 2854; x_wconf 51' lang='lat' dir='ltr'>{ildlddrdmdddm</span> <span class='ocrx_word' id='word_1_227' title='bbox 465 2719 938 2852; x_wconf 45' lang='lat' dir='ltr'>Z,dirdorzddddedita2teoealllu5rrde2dp‘d1’udde</span> <span class='ocrx_word' id='word_1_228' title='bbox 954 2718 1017 2838; x_wconf 58' lang='lat' dir='ltr'>{dd-</span> 
     </span>
     <span class='ocr_line' id='line_1_32' title="bbox 113 2858 1016 2923; baseline -0.002 -16"><span class='ocrx_word' id='word_1_229' title='bbox 113 2864 171 2910; x_wconf 82' lang='lat' dir='ltr'>stat.</span> <span class='ocrx_word' id='word_1_230' title='bbox 215 2860 277 2908; x_wconf 89' lang='lat' dir='ltr'>Item</span> <span class='ocrx_word' id='word_1_231' title='bbox 302 2873 393 2908; x_wconf 87' lang='lat' dir='ltr'>nomen</span> <span class='ocrx_word' id='word_1_232' title='bbox 423 2861 571 2909; x_wconf 82' lang='lat' dir='ltr'>Vottociliue</span> <span class='ocrx_word' id='word_1_233' title='bbox 593 2873 619 2923; x_wconf 84' lang='lat' dir='ltr'>p.</span> <span class='ocrx_word' id='word_1_234' title='bbox 643 2858 710 2918; x_wconf 83' lang='lat'>270,</span> <span class='ocrx_word' id='word_1_235' title='bbox 738 2858 771 2910; x_wconf 82' lang='lat'>13</span> <span class='ocrx_word' id='word_1_236' title='bbox 801 2859 878 2908; x_wconf 86' lang='lat' dir='ltr'>indici</span> <span class='ocrx_word' id='word_1_237' title='bbox 901 2859 1016 2915; x_wconf 86' lang='lat' dir='ltr'>debetur,</span> 
     </span>
     <span class='ocr_line' id='line_1_33' title="bbox 113 2925 1017 2991; baseline -0.003 -16"><span class='ocrx_word' id='word_1_238' title='bbox 113 2926 143 2975; x_wconf 87' lang='lat' dir='ltr'>ab</span> <span class='ocrx_word' id='word_1_239' title='bbox 161 2925 314 2990; x_wconf 71' lang='lat' dir='ltr'>Hieronymo</span> <span class='ocrx_word' id='word_1_240' title='bbox 335 2930 504 2981; x_wconf 79' lang='lat' dir='ltr'>confirmatur.</span> <span class='ocrx_word' id='word_1_241' title='bbox 541 2927 657 2978; x_wconf 79' lang='lat' dir='ltr'>Ceterum</span> <span class='ocrx_word' id='word_1_242' title='bbox 676 2926 737 2975; x_wconf 85' lang='lat' dir='ltr'>vitia</span> <span class='ocrx_word' id='word_1_243' title='bbox 758 2941 858 2991; x_wconf 88' lang='lat' dir='ltr'>quoqne</span> <span class='ocrx_word' id='word_1_244' title='bbox 873 2927 951 2976; x_wconf 86' lang='lat' dir='ltr'>index</span> <span class='ocrx_word' id='word_1_245' title='bbox 969 2938 1017 2974; x_wconf 88' lang='lat' dir='ltr'>sua</span> 
     </span>
     <span class='ocr_line' id='line_1_34' title="bbox 113 2993 1017 3062; baseline -0.002 -19"><span class='ocrx_word' id='word_1_246' title='bbox 113 2993 195 3056; x_wconf 86' lang='lat' dir='ltr'>habet,</span> <span class='ocrx_word' id='word_1_247' title='bbox 214 3005 242 3044; x_wconf 89' lang='lat' dir='ltr'>ut</span> <span class='ocrx_word' id='word_1_248' title='bbox 259 3011 315 3044; x_wconf 89' lang='lat' dir='ltr'>cum</span> <span class='ocrx_word' id='word_1_249' title='bbox 330 3011 356 3061; x_wconf 93' lang='lat' dir='ltr'>p.</span> <span class='ocrx_word' id='word_1_250' title='bbox 370 2996 428 3057; x_wconf 84' lang='grc'>267,</span> <span class='ocrx_word' id='word_1_251' title='bbox 444 2996 461 3046; x_wconf 91' lang='grc'><strong>6</strong></span> <span class='ocrx_word' id='word_1_252' title='bbox 478 3010 641 3062; x_wconf 86' lang='lat' dir='ltr'>praenomen,</span> <span class='ocrx_word' id='word_1_253' title='bbox 659 3011 684 3060; x_wconf 95' lang='lat' dir='ltr'>p.</span> <span class='ocrx_word' id='word_1_254' title='bbox 703 2995 762 3058; x_wconf 89' lang='grc'>263,</span> <span class='ocrx_word' id='word_1_255' title='bbox 779 2995 810 3046; x_wconf 87' lang='grc'>16</span> <span class='ocrx_word' id='word_1_256' title='bbox 828 2997 955 3060; x_wconf 86' lang='lat' dir='ltr'>integrum</span> <span class='ocrx_word' id='word_1_257' title='bbox 971 3006 1017 3042; x_wconf 91' lang='lat' dir='ltr'>uo-</span> 
     </span>
     <span class='ocr_line' id='line_1_35' title="bbox 113 3063 1019 3130; baseline 0 -20"><span class='ocrx_word' id='word_1_258' title='bbox 113 3077 169 3111; x_wconf 90' lang='lat' dir='ltr'>men</span> <span class='ocrx_word' id='word_1_259' title='bbox 196 3064 302 3125; x_wconf 89' lang='lat' dir='ltr'>omittit,</span> <span class='ocrx_word' id='word_1_260' title='bbox 327 3079 353 3129; x_wconf 94' lang='lat' dir='ltr'>p.</span> <span class='ocrx_word' id='word_1_261' title='bbox 372 3065 440 3125; x_wconf 87' lang='grc'>265,</span> <span class='ocrx_word' id='word_1_262' title='bbox 454 3065 501 3116; x_wconf 83' lang='lat'>&#39;18</span> <span class='ocrx_word' id='word_1_263' title='bbox 521 3065 649 3129; x_wconf 64' lang='lat' dir='ltr'>sumptuum</span> <span class='ocrx_word' id='word_1_264' title='bbox 670 3063 743 3113; x_wconf 82' lang='lat' dir='ltr'>offert</span> <span class='ocrx_word' id='word_1_265' title='bbox 765 3077 811 3130; x_wconf 90' lang='lat' dir='ltr'>pro</span> <span class='ocrx_word' id='word_1_266' title='bbox 829 3063 935 3128; x_wconf 61' lang='lat' dir='ltr'>hygiam</span> <span class='ocrx_word' id='word_1_267' title='bbox 959 3075 1019 3110; x_wconf 85' lang='lat' dir='ltr'>nam</span> 
     </span>
     <span class='ocr_line' id='line_1_36' title="bbox 114 3131 1019 3198; baseline -0.003 -17"><span class='ocrx_word' id='word_1_268' title='bbox 114 3147 139 3194; x_wconf 93' lang='lat' dir='ltr'>p</span> <span class='ocrx_word' id='word_1_269' title='bbox 147 3131 207 3193; x_wconf 85' lang='grc'>265</span> <span class='ocrx_word' id='word_1_270' title='bbox 216 3133 251 3184; x_wconf 84' lang='grc'>29</span> <span class='ocrx_word' id='word_1_271' title='bbox 267 3135 460 3198; x_wconf 86' lang='lat' dir='ltr'>praenomenG</span> <span class='ocrx_word' id='word_1_272' title='bbox 480 3135 506 3183; x_wconf 91' lang='lat' dir='ltr'>in</span> <span class='ocrx_word' id='word_1_273' title='bbox 523 3133 638 3184; x_wconf 87' lang='lat' dir='ltr'>Gudiano</span> <span class='ocrx_word' id='word_1_274' title='bbox 654 3131 754 3195; x_wconf 89' lang='lat' dir='ltr'>quidem</span> <span class='ocrx_word' id='word_1_275' title='bbox 772 3132 855 3182; x_wconf 89' lang='lat' dir='ltr'>indice</span> <span class='ocrx_word' id='word_1_276' title='bbox 873 3137 1019 3196; x_wconf 86' lang='lat' dir='ltr'>corruptam</span> 
     </span>
     <span class='ocr_line' id='line_1_37' title="bbox 115 3211 227 3250; baseline 0.019 -2"><span class='ocrx_word' id='word_1_277' title='bbox 115 3211 227 3250; x_wconf 84' lang='lat' dir='ltr'>nonest</span> 
     </span>
    </p>
   </div>
   <div class='ocr_carea' id='block_1_5' title="bbox 111 3281 1020 3474">
    <p class='ocr_par' dir='ltr' id='par_1_13' title="bbox 111 3281 1020 3474">
     <span class='ocr_line' id='line_1_38' title="bbox 181 3281 1020 3352; baseline -0.002 -18"><span class='ocrx_word' id='word_1_278' title='bbox 181 3285 228 3349; x_wconf 81' lang='lat'>35)</span> <span class='ocrx_word' id='word_1_279' title='bbox 245 3286 360 3336; x_wconf 81' lang='lat' dir='ltr'>Forsitan</span> <span class='ocrx_word' id='word_1_280' title='bbox 382 3288 491 3351; x_wconf 87' lang='lat' dir='ltr'>priorem</span> <span class='ocrx_word' id='word_1_281' title='bbox 511 3284 640 3349; x_wconf 80' lang='lat' dir='ltr'>(ludisne,</span> <span class='ocrx_word' id='word_1_282' title='bbox 663 3287 841 3352; x_wconf 86' lang='lat' dir='ltr'>posteriorem</span> <span class='ocrx_word' id='word_1_283' title='bbox 848 3282 965 3333; x_wconf 87' lang='lat' dir='ltr'>Leidensl</span> <span class='ocrx_word' id='word_1_284' title='bbox 983 3281 1020 3332; x_wconf 81' lang='lat' dir='ltr'>ai-</span> 
     </span>
     <span class='ocr_line' id='line_1_39' title="bbox 115 3341 1020 3420; baseline -0.003 -19"><span class='ocrx_word' id='word_1_285' title='bbox 115 3352 237 3405; x_wconf 87' lang='lat' dir='ltr'>mitiorem</span> <span class='ocrx_word' id='word_1_286' title='bbox 256 3356 381 3420; x_wconf 88' lang='lat' dir='ltr'>ausplcari</span> <span class='ocrx_word' id='word_1_287' title='bbox 396 3355 463 3414; x_wconf 86' lang='lat' dir='ltr'>licet,</span> <span class='ocrx_word' id='word_1_288' title='bbox 482 3369 536 3403; x_wconf 89' lang='lat' dir='ltr'>cnm</span> <span class='ocrx_word' id='word_1_289' title='bbox 553 3356 579 3404; x_wconf 89' lang='lat' dir='ltr'>iu</span> <span class='ocrx_word' id='word_1_290' title='bbox 595 3354 679 3404; x_wconf 92' lang='lat' dir='ltr'>libello</span> <span class='ocrx_word' id='word_1_291' title='bbox 693 3354 725 3403; x_wconf 86' lang='lat' dir='ltr'>de</span> <span class='ocrx_word' id='word_1_292' title='bbox 742 3353 875 3404; x_wconf 86' lang='lat' dir='ltr'>Germania</span> <span class='ocrx_word' id='word_1_293' title='bbox 888 3341 1020 3400; x_wconf 83' lang='lat' dir='ltr'>Leidensia</span> 
     </span>
     <span class='ocr_line' id='line_1_40' title="bbox 111 3422 650 3474; baseline 0.004 -4"><span class='ocrx_word' id='word_1_294' title='bbox 111 3431 138 3470; x_wconf 82' lang='lat' dir='ltr'>et</span> <span class='ocrx_word' id='word_1_295' title='bbox 159 3423 297 3474; x_wconf 84' lang='lat' dir='ltr'>Vaticanus</span> <span class='ocrx_word' id='word_1_296' title='bbox 315 3422 381 3473; x_wconf 85' lang='grc'>1662</span> <span class='ocrx_word' id='word_1_297' title='bbox 398 3423 529 3473; x_wconf 85' lang='lat' dir='ltr'>concinere</span> <span class='ocrx_word' id='word_1_298' title='bbox 545 3424 650 3473; x_wconf 87' lang='lat' dir='ltr'>soleant.</span> 
     </span>
    </p>
   </div>
   <div class='ocr_carea' id='block_1_6' title="bbox 0 0 1215 3870">
    <p class='ocr_par' dir='ltr' id='par_1_14' title="bbox 0 0 1215 3870">
     <span class='ocr_line' id='line_1_41' title="bbox 0 0 1215 3870; baseline 0 0"><span class='ocrx_word' id='word_1_299' title='bbox 0 0 1215 3870; x_wconf 95' lang='lat' dir='ltr'> </span> 
     </span>
    </p>
   </div>
  </div>
 </body>
</html>
