2444 3872
457 211 560 260 orvus
577 211 761 262 cursurus.
1051 202 1110 264 163

108 367 282 448 quaestoriis
304 367 517 444 praetoriisque
540 368 714 427 ornamentis
731 366 867 428 honorari
888 367 981 428 libans
1007 387 1111 448 passus

5 458 7 462 ’
109 459 168 521 esi3
193 458 299 510 tantum
318 459 472 528 praeterea
489 449 644 528 adquirere
667 460 696 509 et
717 469 838 530 rapere,
861 461 891 512 ut
912 461 1052 530 querente
1072 469 1110 512 eo

109 533 252 614 quondam
268 533 304 592 de
320 534 383 593 lisci
400 535 558 610 exiguitate
568 551 625 592 non
637 533 761 594 absurde
776 535 950 612 dictumsit,
967 534 1108 596 abunda·

108 625 224 694 mm,
241 619 272 678 st’
285 635 306 677 a
320 616 441 678 duobus
452 616 571 678 libertis
587 618 619 678 io
629 619 816 679 consortium
829 619 1028 697 reciperetur.
1046 621 1153 699 His,29

82 711 139 764 tut
154 703 228 779 dixi,
249 701 446 780 uxoribusque
462 702 609 779 addictos,
631 719 687 763 non
705 703 866 781 principem
888 723 936 780 se,
959 705 1011 764 sed
1030 707 1109 765 urini-

1 807 2 810 ’
107 796 197 847 statuo
213 788 291 863 egit,
308 785 481 864 compendio
499 788 638 866 cuiusque
653 786 753 846 horum
771 786 920 847 ueletiam
945 788 1039 848 studio
1063 797 1111 849 aut

106 871 233 932 libidine·
244 870 374 930 bonores
389 872 536 930 exercitus
552 872 735 948 impunitates
754 871 897 950 supplicia
918 871 1041 949 largitus
1055 881 1109 950 est,

106 954 265 1034 etquidem
283 955 411 1014 insciens
431 953 601 1033 plerumque
615 963 646 1014 et
659 956 787 1031 ignarus.
829 956 875 1015 Ac
891 974 927 1014 ne
944 957 1111 1035 singillatim

105 1040 217 1100 minora
239 1055 355 1116 quoque
377 1055 558 1116 enumerem,
584 1047 739 1100 revocatas
759 1039 951 1105 liberalitates
974 1045 1050 1118 eius,
1069 1043 1109 1100 iu·

67 1125 182 1184 sedicio
203 1124 348 1197 rescissa,
369 1123 540 1200 suppositos
559 1125 708 1183 autetiam
730 1123 824 1202 palam
847 1125 1007 1186 immutatos
1030 1125 1109 1186 dato·

105 1225 170 1269 rum
181 1201 342 1266 ciliciorum
352 1205 524 1268 codicillos:
537 1207 663 1286 Appium
675 1207 800 1266 Silanum
814 1224 1006 1268 consocerum
1017 1227 1109 1286 suam,

105 1291 251 1369 Iuliasque
271 1290 391 1350 alteram
410 1289 514 1367 Drusi,
536 1291 656 1351 alteram
678 1289 838 1354 Germanici
858 1293 961 1368 liliam,
992 1295 1109 1353 crimine

1 1401 2 1436 t
105 1378 218 1437 incerto
234 1392 290 1434 nec
306 1374 477 1434 defensione
493 1374 551 1434 ulla
566 1375 630 1435 data
646 1375 768 1452 occidit,
783 1379 851 1436 item
864 1375 923 1437 GN.
941 1376 1110 1457 Pompeium

1 1455 2 1462 '
105 1459 224 1521 maioris
236 1458 313 1520 dliae
329 1461 437 1535 virum,
456 1467 485 1518 et
498 1459 530 1519 b.
547 1459 674 1520 Silanun
685 1461 803 1520 minoris
819 1477 965 1540 sponsum.
988 1461 1034 1522 Ex
1047 1461 1109 1539 qui·
1185 1529 1189 1534 .

65 1553 97 1596 1⁵
106 1544 162 1604 bus
175 1542 330 1622 Pompeius
343 1544 371 1601 in
383 1543 537 1602 concubitu
553 1543 652 1602 dilecti
664 1543 872 1604 adulescentuli
886 1545 1040 1605 confossus
1054 1553 1107 1621 est,
1158 1563 1180 1584 κ

105 1629 221 1697 Silanus
232 1626 370 1687 abdicare
384 1645 417 1686 se
431 1637 567 1706 praetura
583 1636 648 1686 ante
664 1625 730 1687 1111;
743 1627 790 1688 lll.
805 1627 865 1690 lau.
880 1631 1013 1706 morique
1027 1629 1108 1687 initio
1157 1642 1185 1684 “a

106 1714 172 1774 anni
189 1720 324 1788 coactus,
347 1709 393 1770 die
417 1713 483 1789 ipso
501 1710 612 1772 Claudii
630 1721 660 1770 et
674 1711 857 1791 Agrippinae
875 1713 1045 1791 nuptiarum.
1076 1711 1110 1771 ln
1165 1732 1180 1788 ξ

106 1798 233 1876 quinque
257 1804 287 1855 et
307 1795 427 1872 triginta
450 1804 603 1856 senatores
625 1805 832 1874 trecentosque
853 1797 976 1875 amplius
996 1797 1110 1875 equites
1160 1817 1176 1868 ς

104 1882 141 1942 lt.
157 1887 235 1941 tanta
254 1879 396 1940 facilitate
421 1879 636 1957 animadvertit,
661 1889 707 1956 ut,
729 1879 765 1939 de
780 1897 856 1940 nece
878 1880 1040 1940 consularis
1055 1881 1110 1940 riri
1152 1892 1170 1938 e
1192 1952 1196 1956 ἱ

62 1966 285 2026 aorenuotiante
301 1965 472 2024 centurione
487 1965 594 2025 iactum
609 1983 675 2024 esse
690 1963 769 2042 quod
784 1965 972 2044 imperasset,
988 1971 1110 2042 negaret
1158 1979 1176 2040 ρ

1 2025 2 2064 ¹
104 2050 258 2129 quicquam
273 2065 306 2107 se
324 2050 501 2127 imperasse,
519 2048 609 2108 nihilo
621 2051 714 2108 rninus
729 2065 791 2108 rem
803 2047 1017 2128 comprobaret,
1032 2048 1108 2108 altir-
1148 2064 1168 2099 ‘a

103 2133 248 2193 mantibus
267 2131 379 2192 libertis
407 2133 507 2193 cilicio
528 2133 633 2192 milites
655 2133 788 2209 iunctos,
818 2133 896 2212 quod
915 2133 951 2193 ad
971 2133 1110 2192 ultionem

11 2257 22 2272 s
103 2218 290 2295 imperatoris
302 2217 377 2276 ultro
391 2219 652 2296 procucurrissent.
669 2216 741 2276 Nam
754 2217 825 2277 illud
836 2235 950 2277 omnem
962 2217 1047 2278 iidem
1059 2235 1108 2276 ex·

105 2302 230 2362 cesserit
242 2301 319 2379 quod
332 2303 454 2380 nuptiis,
472 2319 542 2380 quas
554 2301 709 2362 Messalina
725 2319 788 2362 cum
800 2301 931 2362 adultero
944 2301 1017 2361 Silio
1029 2301 1108 2360 fece·

61 2404 94 2447 ao
103 2395 160 2462 rat,
171 2384 295 2446 tabellas
305 2385 380 2444 dotis
393 2387 493 2464 etipse
503 2386 727 2463 consignaverit,
740 2385 882 2462 inductus,
893 2388 976 2465 quasi
986 2383 1108 2444 deindo·

103 2471 174 2531 stria
194 2467 395 2530 simularentur
421 2469 456 2529 ad
479 2470 665 2529 auertendum
686 2470 975 2548 transierendumque
995 2471 1107 2548 pericu-

102 2555 178 2632 lum,
194 2554 272 2632 quod
289 2554 437 2614 imminere
451 2554 508 2633 ipsi
524 2571 578 2632 per
594 2552 732 2632 quaedam
746 2562 859 2613 ostenta
874 2553 1106 2632 portenderetur.
1148 2621 1151 2626 ¹

166 2637 335 2699 Auctoritas
353 2638 537 2716 dignitasque
551 2638 662 2698 formae
684 2655 742 2698 nou
764 2637 877 2696 deluit*
892 2637 942 2697 rel
957 2637 1043 2698 stanti
1059 2635 1150 2703 velao

103 2722 217 2784 sedenti
233 2741 268 2783 ac
284 2724 443 2802 praecipue
465 2723 642 2802 quiescenti;
673 2723 753 2801 (nam
775 2730 806 2781 et
825 2721 941 2801 prolixo
963 2739 1018 2780 nec
1038 2719 1108 2781 exili

61 2827 93 2872 oo
105 2823 234 2886 corpore
250 2816 329 2883 erat,
346 2817 375 2868 et
387 2808 489 2886 specie
502 2809 664 2886 canitieque
677 2806 792 2884 pulcra,
809 2807 911 2885 opimis
927 2805 1107 2884 cervicibus)

104 2901 235 2952 ceterum
257 2900 287 2951 et
303 2884 521 2969 ¹ingredientem
543 2890 737 2951 destituebant
756 2890 885 2970 poplites
910 2892 1003 2960 minus
1024 2890 1107 2966 firmi,

102 2983 134 3038 et
150 2975 272 3036 remisse
286 2975 356 3054 quid
368 2975 416 3036 vel
432 2977 510 3036 serio
523 2984 658 3054 agentern
669 2974 755 3035 multa
772 2973 1015 3035 dehonestabant:
1031 2975 1108 3034 risus

101 3059 259 3138 indecens,
285 3061 328 3121 ira
354 3061 469 3138 turpior
496 3068 646 3139 spumante
674 3060 763 3137 rictu,
790 3059 951 3120 umentibus
978 3058 1105 3133 naribus,

1 3213 2 3216 Ἴ
57 3169 60 3173 ’
102 3145 393 3224 praeterealinguae
409 3143 575 3220 titubantia,
599 3153 743 3222 caputque
766 3161 829 3203 cum
848 3161 978 3222 semper,
1006 3144 1107 3202 tumin

10 3283 16 3290 .,
59 3251 90 3294 oc
103 3229 368 3309 quantulocumque
384 3237 449 3288 actu
465 3229 512 3288 vel
528 3229 650 3288 maxime
666 3227 825 3288 tremulum.
852 3226 1019 3288 Valitudine
1033 3227 1108 3286 siout
1115 3240 1148 3294 31

1 3370 2 3380 ,
101 3313 172 3373 olim
187 3315 282 3392 graui,
297 3313 336 3372 ita
354 3314 493 3392 princeps
509 3329 652 3391 prospera
668 3331 736 3372 usus
751 3321 808 3388 est,
824 3321 951 3391 excepto
966 3309 1106 3370 stomachi

101 3397 224 3474 dolore,
242 3411 300 3476 quo
315 3412 349 3458 se
365 3406 531 3474 correptum
549 3399 634 3457 etiarn
648 3396 684 3456 de
697 3395 906 3457 consciscenda
920 3403 1013 3456 rnorte
1027 3395 1106 3472 cogi·

1 3480 2 3548 l
99 3491 182 3543 tasse
197 3479 278 3542 dixit.
825 3551 828 3558 ¹

873 3562 935 3624 11*
