2412 3876
430 188 741 240 usvusuuausaus.
1048 179 1089 242 69

78 357 142 400 non
159 339 289 418 libidine,
313 341 365 402 sed
379 343 490 403 ratione
509 345 678 422 commisse,
702 362 759 423 quo
774 344 887 407 facilius
904 346 1026 407 consiliu
1040 345 1088 408 ad·

78 425 342 504 versarIorumper
354 427 493 506 cuiusquc
500 427 637 487 mulieres
651 429 828 506 exquireret.
844 429 1085 492 M.Antouiussu-

1 515 2 518 ’
81 525 139 586 per
153 509 305 570 festinatas
316 507 415 570 Liviae
432 513 546 609 nuptias
562 510 671 572 obiecit
689 521 720 572 et
731 510 880 589 femimam
892 513 1088 576 consularem

80 610 98 652 e
119 592 256 654 triclinio
276 593 345 654 ciro
362 611 468 656 coram
486 595 519 656 in
536 593 708 657 cubiculum
723 595 908 674 obductam,
930 615 1043 658 rursus
1057 600 1089 660 iu

54 675 258 745 scoaoiciam
277 676 457 740 rudentibus
479 679 630 740 auriculis
646 680 849 758 incomptiore
863 682 977 760 capillo
995 683 1087 744 redu·

81 767 188 833 ctam,·
211 761 370 823 dimissam
386 757 601 839 Scriboniam,
622 764 697 843 quia
724 763 852 826 liberius
873 765 1022 828 doluisset
1041 769 1087 828 mi-

80 845 178 906 miam
190 846 359 924 potentiam
371 846 501 923 pelicir,·
494 847 705 908 ·conditioues
720 848 879 946 quaesitae
887 867 947 928 per
959 849 1087 927 amicos,

81 929 139 1009 qui
158 935 275 991 matres
292 929 434 1028 [omiliae
448 938 478 992 et
491 931 618 992 adultae
631 937 733 993 aetate
747 932 883 1012 cirpirree
897 934 1090 996 denudarent

82 1019 178 1093 atquc
188 1014 412 1094 perspicerem,
431 1021 587 1096 tamquam
598 1014 753 1077 Tboraaio
765 1034 917 1096 manporre
930 1019 1087 1080 uendente.

1 1123 2 1126 ¹
45 1118 73 1159 ao
83 1098 195 1160 Scribit
209 1100 294 1160 etiam
309 1099 368 1161 ad
360 1117 453 1178 rpsum
467 1099 551 1176 baec,
566 1099 746 1160 familiariter
761 1099 855 1160 adbuc
866 1101 988 1162 necdum
1002 1103 1088 1182 plane

82 1184 215 1244 inimicus
236 1192 283 1244 aut
305 1182 414 1244 hostis:
436 1181 518 1257 octo
533 1190 561 1245 te
579 1183 723 1259 mutauit,
746 1183 830 1263 quod
843 1185 982 1265 repiaom
996 1187 1088 1247 ineo?

82 1285 170 1328 uuor
188 1284 258 1329 mea
278 1275 333 1328 eat.
360 1265 451 1328 Nunc
465 1268 569 1346 coepi,
591 1285 633 1329 an
649 1267 761 1329 obtine
777 1285 877 1330 aanor
890 1271 1021 1332 nocem?
1045 1268 1089 1330 Tu

85 1351 197 1412 duride
220 1352 321 1413 colam
338 1350 512 1413 Dmceillam
537 1352 622 1412 inis?
648 1353 693 1414 ita
712 1351 837 1429 calens,
864 1353 912 1414 uti
932 1360 980 1431 tu,
1008 1353 1090 1414 bauo

85 1436 250 1514 epistolam
263 1455 331 1498 cum
342 1436 434 1514 lepos,
450 1454 512 1499 mou
526 1435 634 1496 inieris
648 1435 814 1497 Tertullum
829 1443 883 1498 aut
893 1436 1089 1498 Terentillam

49 1518 515 1598 aeautllafillamoutSaloiom
525 1517 701 1582 Titiseniam
715 1527 896 1582 automaes.
921 1519 1087 1600 Aurefert,

83 1603 141 1666 abi
154 1607 209 1665 et
197 1625 228 1666 m
242 1623 305 1684 qua
320 1604 469 1686 arripias?
1105 1643 1110 1650 -

150 1687 248 1758 Caena
268 1708 383 1769 quoquc
406 1693 469 1750 eius
489 1691 632 1751 secretior
649 1691 678 1749 in
695 1688 801 1752 fabulis
815 1689 884 1766 luit,
906 1707 981 1768 quae
998 1651 1130 1767 vulgato

85 1761 300 1846 dedecalceas
321 1773 493 1844 vocabalum
523 1776 552 1833 in
573 1791 629 1852 qua
654 1774 772 1834 deorum
793 1773 969 1852 dearumque
990 1772 1089 1834 babitu
1164 1821 1168 1828 .

86 1855 269 1918 discubuisse
290 1859 427 1922 convivas
453 1867 483 1918 et
509 1859 601 1937 ipsum
625 1875 678 1936 pro
699 1857 837 1955 Apolline
860 1865 1004 1933 crustum,
1032 1874 1089 1916 non

50 1966 76 2007 ιο
86 1939 196 2002 Antoni
211 1942 297 2004 modo
315 1942 457 2022 epistolae
471 1941 649 2018 singulorum
658 1942 772 2001 nomina
783 1941 960 2002 amarissime
974 1959 1088 2000 enume-

86 2027 177 2085 rantis
193 2026 386 2107 enprobraut,
404 2026 457 2087 sed
474 2036 504 2087 et
517 2026 580 2084 sine
596 2033 715 2086 auctore
730 2026 870 2085 notissimi
885 2043 1003 2086 versus:

204 2116 270 2174 Cam
279 2117 407 2187 primum
421 2117 534 2170 ictorum
548 2114 682 2170 conduxit
693 2129 789 2170 menta
804 2113 970 2185 eboracum,

243 2199 356 2272 Sexque
371 2199 436 2254 deae
450 2199 515 2254 cidit
526 2195 626 2252 Mallio
638 2211 743 2270 seuque
757 2199 824 2254 deus
830 2221 839 2260 ;

200 2282 292 2355 Impia
308 2284 373 2338 dum
386 2281 491 2338 Plroebr'
504 2281 608 2360 Caesar
621 2283 764 2338 mendacia
777 2282 860 2346 ladit,

2 2417 3 2422 ,
52 2392 78 2433 25
252 2367 326 2422 Dum
339 2383 411 2423 mora
425 2367 548 2422 divorum
563 2373 663 2439 caecat
676 2366 826 2422 adulteria:

203 2450 299 2506 Omnia
311 2465 342 2506 ee
357 2468 375 2506 c
390 2452 473 2506 terrnb
486 2455 552 2506 tunc
565 2451 678 2505 numina
692 2450 879 2518 declinarunt,

137 2549 151 2564 *⁵
238 2534 336 2612 ,Facit
349 2543 375 2590 et
389 2539 503 2590 auratos
520 2531 647 2604 Iuppiter
661 2535 720 2604 prce
735 2533 857 2589 tlrromoc.

87 2614 177 2675 Auxit
205 2616 313 2756 espace
336 2630 480 2674 rumorem
506 2630 613 2672 summa
633 2621 701 2672 tuuc
720 2613 750 2671 in
771 2613 886 2672 civitate
909 2613 1028 2690 penuria
1054 2629 1088 2672 uc
1112 2679 1117 2688 ¹

12 2715 14 2720 ·
87 2699 195 2773 fames,
213 2715 229 2758 a
252 2697 459 2776 clamatumque
475 2705 520 2756 est
535 2694 687 2775 postridie,
712 2714 799 2757 omne
812 2695 997 2774 frumentum
1013 2696 1089 2757 dece
1110 2713 1116 2761 ὲ

56 2781 258 2846 nicomediam
278 2789 308 2842 et
322 2779 490 2842 Gaesarem
504 2797 572 2840 ecre
584 2781 679 2858 plane
693 2777 881 2857 Apollium,
904 2779 961 2840 sed
979 2777 1086 2841 Torto·
1112 2783 1116 2843 i
1187 2773 1190 2779 ’

2 2862 5 2875 ’
88 2884 170 2926 rem:
194 2881 251 2944 quo
275 2868 447 2943 cognomine
462 2867 487 2924 is
505 2864 576 2924 deus
598 2863 719 2942 quadam
734 2866 762 2922 in
778 2873 862 2942 purte
877 2863 956 2924 urbis
971 2863 1087 2924 coleba-

88 2959 142 3010 tur.
170 2949 293 3010 Notutus
309 2959 354 3008 est
368 2958 398 3009 et
410 2959 441 3008 ut
455 2950 602 3028 pretiosae
615 2947 808 3028 supellectilis
818 2945 1087 3027 Corinthiorumque

89 3032 294 3112 praecupidus,
310 3041 339 3092 et
355 3033 437 3094 aleae
451 3031 615 3109 indulgens.
645 3031 718 3094 Nam
732 3041 762 3093 et
776 3033 1000 3113 proscriptionis
1017 3041 1090 3091 tem·

4 3129 6 3186 l
88 3134 160 3196 pore
173 3116 210 3178 ad
224 3124 345 3178 statuam
360 3118 422 3176 eius
439 3118 595 3195 ascriptum
610 3125 672 3177 est:

55 3211 80 3252 ιι
299 3205 385 3262 Pater
400 3207 589 3276 urpmtariue,
604 3219 652 3276 epo
668 3205 879 3274 Corinthiarius,

90 3303 151 3345 cum
165 3285 379 3346 existimaretur
394 3284 532 3363 quosdam
548 3292 670 3364 propter
683 3302 753 3344 vasa
768 3248 916 3345 Corintbia
930 3284 1005 3342 inter
1020 3297 1090 3376 pro

4 3403 6 3458 4
88 3372 214 3448 scriptos
239 3385 357 3430 curasse
377 3366 564 3438 relereud0s3
587 3377 617 3427 et
636 3367 739 3429 deinde
760 3367 840 3428 bello
858 3366 1002 3427 Siciliensi
1027 3363 1087 3442 epi·

88 3471 213 3562 mamma
228 3452 375 3530 uulgatum
389 3461 451 3513 est:
