2438 3872
513 239 744 288 DOMITIANUS.
1058 229 1118 294 243

106 393 316 474 deperditam,
346 393 523 472 repudiavit,
557 397 689 473 intraque
715 394 806 456 breve
831 405 944 480 tempus
969 399 1120 476 impatiens

121 477 242 554 discidii,
257 495 340 556 quaer
332 477 534 556 efflagitante
551 479 670 558 populo,
687 478 809 540 reduxit.

186 560 271 621 Circa
295 559 568 624 administrationem
588 565 707 622 autem
699 565 813 641 imperii
833 563 996 647 aliquandiu
1019 582 1051 623 se
1071 581 1118 623 va·

120 646 192 705 rium
207 645 359 724 praestitit,
374 647 495 706 mintura
510 663 627 725 quoque
643 647 788 746 aequabili
806 649 937 708 uitiorum
957 657 1043 727 atque
1065 649 1119 707 vir·

2 773 4 820 ,
98 729 223 799 etutum3
241 727 469 789 donecvirtutes
485 732 645 830 qnoquein
661 731 728 791 vitia
744 730 876 793 deflexit:
899 740 1032 810 quantum
1052 748 1118 792 eon·

121 814 231 873 iectare
253 812 338 888 licet,
374 831 463 892 super
496 814 604 891 ingenii
638 823 767 875 naturam
792 816 898 894 inopia
913 833 1018 894 rapax,
1044 823 1120 874 metu

122 915 237 956 saeuus.

185 979 359 1058 Spectacula
378 980 492 1042 assidue
507 981 660 1058 magnifica
678 990 707 1042 et
728 989 893 1060 sumptuosa
911 981 998 1042 edidit
1016 999 1074 1040 non
1093 981 1149 1056 inq
1189 1053 1194 1057 .

122 1063 331 1143 amphitheatro
343 1063 442 1142 modo,
454 1081 553 1126 verum
565 1074 594 1126 et
606 1066 634 1126 iu
651 1066 746 1137 circo;
763 1065 811 1126 nbi
828 1075 946 1145 praeter
963 1064 1120 1126 sollemnes

87 1161 111 1204 ιι
121 1148 253 1226 bigarum
286 1146 544 1230 quadrigarumque
579 1167 680 1209 cursus
716 1149 857 1228 proelium
888 1151 973 1210 etiam
1001 1147 1120 1227 duplex,

122 1239 258 1312 equestre
275 1248 311 1292 ac
331 1231 487 1311 pedestre,
508 1233 662 1302 commisit;
687 1241 716 1293 at
732 1235 760 1293 in
783 1233 994 1312 amphitheatro
1016 1231 1120 1292 nauale

32 1386 35 1392 ¹
122 1331 248 1396 quoque.
272 1313 344 1378 Nam
362 1318 533 1380 venationes
550 1315 786 1397 gladiatoresque
806 1325 835 1378 et
847 1315 979 1378 noctibus
991 1315 1027 1380 ad
1039 1315 1119 1392 lych-

121 1399 249 1467 nuchos;
268 1417 323 1458 neo
343 1401 469 1460 virorum
486 1401 573 1462 modo
585 1419 708 1481 pugnas,
728 1399 779 1461 sed
791 1401 1007 1463 etleminarum.
1032 1400 1119 1461 Prae·

2 1539 3 1564 ι
122 1493 203 1544 terea
216 1485 395 1561 quaestoriis
402 1485 581 1561 rnuueribus',
602 1501 676 1564 quae
697 1483 766 1545 olim
788 1487 894 1545 omissa
917 1493 1119 1562 revocaverat,
1141 1509 1185 1555 ιιι

87 1577 111 1618 n
122 1570 159 1628 ita
171 1583 287 1644 semper
299 1567 437 1644 interluit,
453 1577 484 1629 nt
501 1569 611 1649 populo
631 1577 803 1646 potestatem
821 1570 933 1629 iaceret
953 1568 1018 1628 bina
1040 1571 1120 1646 paria

122 1671 138 1710 e
155 1667 207 1710 sno
221 1649 288 1710 ludo
301 1651 481 1729 postulandi,
500 1671 592 1732 eaque
610 1653 766 1713 nouissima
782 1652 876 1713 aulico
889 1662 1029 1732 apparatu
1041 1651 1119 1712 indn-

121 1742 212 1794 ceret.
244 1733 289 1794 Ao
309 1752 365 1812 per
386 1753 470 1796 omne
497 1736 688 1817 gladiatorum
715 1737 913 1816 spectaculum
938 1736 1120 1833 antepedes

122 1817 264 1877 sistebat
285 1818 422 1895 puerulus
449 1823 616 1882 coccinatus
640 1837 733 1898 paruo
757 1829 988 1900 portentosoque
1014 1821 1120 1898 capite,

123 1919 186 1962 curn
205 1917 262 1980 quo
283 1903 432 1980 plurimum
450 1903 646 1980 fabulabatur,
663 1921 873 1982 nonnumquam
900 1906 987 1964 serio.
1033 1901 1119 1962 Audi·
1215 1903 1216 1906 ’

85 1994 167 2046 ectus
186 1994 231 2045 est
250 1994 342 2064 certe,
361 1986 427 2046 dum
444 2007 480 2052 ex
497 2002 534 2049 eo
552 1989 672 2067 quaerit,
692 1988 802 2068 ecquid
813 1988 917 2061 eoiret,
935 1985 1118 2048 corsaburn
1215 2003 1216 2006 ¹

2 2066 3 2104 ἕ
121 2087 189 2129 sum
204 2075 284 2128 esset
303 2069 498 2133 ordinatione
517 2070 666 2151 proximo
686 2069 824 2152 Aepppto
839 2071 1013 2150 praeficere
1033 2068 1118 2130 liae·

122 2152 202 2214 cium
215 2151 341 2230 Rufum.
372 2155 480 2218 Edidit
487 2155 597 2217 naualis
618 2174 730 2234 pugnas
749 2173 856 2234 paene
853 2157 996 2216 iustarum
1020 2154 1119 2214 classi·
1148 2192 1150 2202 ·
1204 2175 1208 2184 ’

122 2254 179 2313 um,
196 2235 307 2298 eliosso
327 2248 355 2300 et
372 2222 590 2303 circumstructo
610 2241 688 2300 iuxta
713 2239 843 2302 Tiberim
867 2239 947 2316 lacu,
970 2247 1057 2336 atque
1077 2238 1119 2298 in·

2 2361 4 2380 ,
121 2329 167 2379 ter
181 2321 320 2383 maximos
338 2321 444 2386 imbres
463 2323 670 2402 perspectauit
847 2375 850 2383 .
1171 2385 1173 2390 ,

1 2434 5 2440 ·
84 2423 111 2465 ιι
185 2401 268 2463 Fecit
285 2413 316 2464 et
329 2405 414 2469 ludos
427 2407 622 2482 Saeculares,
647 2417 810 2508 cornputata
828 2409 939 2467 ratione
960 2413 1121 2484 temporum
1136 2405 1149 2430 ‘¹

2 2493 3 2496 ’
121 2487 158 2549 ad
175 2505 353 2558 annumnon
370 2507 429 2569 quo
448 2489 583 2556 Claudius
605 2495 752 2570 proxime,
754 2489 829 2552 sed
853 2507 910 2568 quo
935 2489 1003 2548 olim
1022 2487 1120 2564 Angu-
1215 2537 1216 2542 ,

122 2581 185 2640 stus
195 2570 370 2644 edideram
361 2593 389 2634 m
407 2575 444 2634 iis
460 2576 631 2636 circensium
649 2575 706 2652 die,
723 2591 780 2653 quo
799 2573 911 2636 facilius
931 2581 1043 2632 centnm
1055 2571 1123 2632 mir-

1 2652 7 2696 t
122 2675 171 2720 sus
179 2665 410 2737 peragerentur,
420 2657 555 2736 singulos
573 2677 589 2718 a
605 2660 733 2738 septenis
754 2659 855 2738 spatiis
875 2657 910 2716 ad
929 2657 1054 2736 quina
1032 2655 1119 2748 corri-

2 2797 3 2814 ι
122 2742 192 2820 puit.
351 2797 355 2803 ,

1 2832 18 2878 ι·
86 2839 111 2880 ιι
182 2821 307 2886 Instituit
324 2833 353 2895 et
366 2825 577 2904 quinquennale
590 2834 736 2888 certamen
750 2823 919 2904 Capitolino
925 2822 990 2888 lori
1002 2823 1121 2902 triplex,

121 2907 259 2975 musicum
272 2919 407 2987 equestre
420 2909 598 2987 gymnicum,
610 2917 639 2970 et
649 2909 797 2989 aliquanto
814 2909 937 2988 plurium
948 2922 1032 2988 quam
1045 2923 1122 2967 nunc

122 2999 386 3062 estzcoronarum.=·
411 2991 566 3060 Certabant
592 2995 666 3054 enim
685 3003 719 3054 et
737 3009 826 3073 prosa
850 2994 982 3055 oratione
1007 2991 1123 3054 Graece

1 3119 5 3138 .
120 3074 298 3156 Latineque,
323 3094 358 3138 ac
376 3085 495 3156 praeter
516 3076 701 3140 citharoedos
728 3077 987 3138 chorocitharistae
1005 3091 1121 3154 quoque
1215 3075 1216 3078 ’

1 3172 16 3273 p
122 3166 153 3219 st
158 3159 428 3239 psilppitlraristae;
448 3163 476 3225 in
495 3159 587 3224 stadio
607 3165 679 3224 vero
691 3180 777 3222 cursu
791 3161 1026 3239 etiamvirgiues.
1035 3157 1119 3220 tiler-

87 3244 227 3317 autumat
231 3241 385 3324 praesedit
402 3242 567 3324 crepidatus
586 3264 788 3325 purpureaque
805 3245 925 3306 amictus
943 3253 1014 3321 toga
1031 3241 1119 3304 Grae·

2 3333 3 3340 ’
122 3329 240 3470 canipp,
253 3329 350 3407 capite
362 3339 488 3408 pestana
506 3347 642 3392 coronam
661 3341 776 3392 auream
794 3347 857 3390 uum
876 3328 977 3405 effigie
994 3325 1073 3392 lovis
1081 3341 1119 3386 ac

122 3409 239 3511 quolenus
250 3404 476 3514 ιιιιιιιιιιιιιιιι,
505 3413 700 3476 adsidentibus
715 3413 791 3474 Diali
810 3412 965 3474 sacerdote
982 3419 1014 3472 et
1030 3409 1118 3472 colle·

1 3525 8 3634 ι
123 3493 173 3572 gio
182 3494 362 3558 Flauialium
378 3497 441 3578 pari
462 3497 569 3577 habitu,
587 3499 642 3560 nisi
660 3496 737 3584 quod
753 3497 868 3558 illorum
888 3495 1006 3641 puppup
1028 3495 1118 3554 immi
