2438 3872
13 147 16 230 J
86 167 145 229 182
179 181 209 228 c.
226 179 376 228 SUETOM
393 178 519 239 nenne.
536 179 583 225 nu
599 179 683 225 urus
702 177 884 226 onnsneun
900 178 968 225 nm.
982 179 1027 224 uu.

85 355 168 417 quam
183 327 296 416 ¹postea
318 333 436 413 publico
459 351 492 393 se
515 332 584 393 illud
604 331 694 394 borae
716 335 776 393 siue
799 332 920 393 tribunis
942 332 1084 392 commisit

87 419 189 500 procul
207 428 235 478 et
251 417 365 478 occulte
381 417 631 495 subsequentibus.
665 416 792 476 Interdiu
807 433 923 495 quoque
940 416 1013 476 clam
1027 433 1081 493 ge·

87 506 204 564 statorIa
220 502 293 562 sella
309 499 421 561 delatus
436 504 465 560 in
480 501 628 577 theatrum,
644 498 833 561 seditionibus
846 502 1082 578 pantomimorum
1175 539 1183 557 .

88 608 103 648 e
120 596 202 667 perte
217 587 371 666 proscaeni
386 587 538 664 superiore
552 585 673 661 signifer
687 584 770 644 simul
790 602 824 644 ac
846 593 994 663 spectator
1016 582 1082 642 ade·

86 681 144 740 rat;
161 680 191 730 et
205 689 268 730 oum
283 669 319 730 ad
332 687 432 729 manus
448 677 562 728 ventum
578 677 657 728 esset
667 667 870 748 lapidibusque
886 676 915 727 et
929 666 1108 732 subsellio-e

86 773 148 816 rum
163 754 351 832 fragminibus
363 753 578 828 decerneretur,
593 752 680 812 multa
694 761 724 812 et
735 754 798 831 ipse
811 752 880 811 iecit
892 753 921 810 iu
932 751 1082 830 populum,

44 865 76 918 27
88 849 173 919 atque
188 841 272 899 etiam
291 839 435 917 praetoris
454 845 541 914 eaput
556 836 761 897 consauciavit.
805 835 943 896 Paulatim
959 851 1029 894 vero
1042 836 1082 892 in-

87 923 304 984 valescentibus
320 923 407 998 vitiis,
424 920 562 980 iocularia
576 928 606 979 et
620 919 747 980 latebras
764 921 859 979 omisit
875 918 1010 997 nullaque
1025 917 1093 977 dis..

88 1006 237 1068 simulandi
251 1025 320 1067 cura
335 1005 370 1066 ad
389 1007 498 1064 maiora
513 1003 606 1081 palam
623 1005 727 1081 erupit.

72 1153 76 1158 ,
149 1091 259 1171 Epulas
273 1109 290 1150 a
304 1089 399 1150 medio
416 1089 463 1147 die
482 1087 517 1147 ad
528 1087 648 1148 mediam
661 1097 776 1148 noctem
788 1087 985 1167 protrahebat,
1002 1088 1080 1148 reio·
1093 1100 1121 1142 to

87 1187 131 1237 tus
147 1176 263 1254 saepius
280 1173 379 1235 calidis
395 1173 513 1251 piscinis
532 1190 566 1231 ac
589 1181 719 1249 tempore
740 1173 851 1233 aestivo
875 1173 993 1241 niratis;
1017 1190 1082 1232 cae·
1121 1191 1145 1236 ¹..

87 1259 252 1336 uitabatque
267 1273 475 1336 nonnumquam
492 1264 521 1315 et
541 1258 569 1315 in
591 1254 720 1334 publico,
742 1256 907 1317 naumachia
931 1235 1084 1336 praeob‘r's'a

87 1343 134 1404 vel
148 1343 249 1404 llartio
272 1359 373 1421 campo
396 1341 442 1400 vel
466 1342 544 1400 circo
566 1342 699 1417 maximo,
722 1342 798 1400 inter
817 1349 978 1402 scortorum
997 1343 1084 1402 totius

87 1427 177 1488 urbis
192 1436 221 1486 et
246 1426 456 1487 ambubaiarum
480 1426 645 1484 ministeria.
689 1425 831 1500 Quotiens
850 1423 958 1486 Ostiam
985 1426 1082 1486 Tiberi

87 1512 228 1586 deiiceret
243 1519 289 1570 aut
304 1510 439 1570 Baianum
455 1510 545 1568 sinum
560 1511 838 1588 praeternavigaret,
857 1511 1015 1590 dispositae
1028 1527 1082 1589 per
1094 1531 1121 1571 ns

86 1596 171 1655 litora
197 1605 226 1654 et
260 1597 339 1673 ripas
371 1594 557 1654 deuersoriae
584 1593 722 1654 tabernae
749 1595 925 1674 parabantur
952 1596 1082 1671 insignes

86 1686 227 1761 ganea-,et
240 1678 596 1762 malignaryffljnsljteQ
611 1695 701 1756 copas
723 1679 889 1739 imitantium
912 1687 996 1756 atque
1017 1678 1083 1739 hinc

87 1763 151 1822 inde
166 1756 339 1822 hortantium
346 1753 385 1822 'ub
400 1761 572 1841 appelleret.
616 1760 765 1822 ludicebat
780 1773 809 1822 et
819 1760 1005 1822 familiaribus
1018 1779 1082 1843 eqe-
1098 1785 1122 1835 e

84 1865 148 1923 nas,
166 1865 288 1926 quorum
302 1847 348 1905 uni
362 1845 491 1930 mitellita
506 1843 681 1922 quadragies
697 1849 832 1930 sestertiq
845 1848 982 1923 constitit,
1000 1846 1083 1906 alteri
1175 1919 1184 1930 ·

86 1930 177 2008 pluris
193 1930 340 2010 aliquanto
355 1931 476 1990 rosaria.
849 1955 851 1958 ·
1093 1951 1121 1992 eo

52 2024 86 2095 28
150 2015 246 2092 Super
261 2017 449 2090 ingenuorum
465 2015 650 2092 paedagogia
667 2022 697 2072 et
710 2023 861 2091 nuptarum
877 2011 1083 2073 concubinatus

56 2171 58 2178 Ι
87 2098 199 2172 Vestali
220 2099 325 2174 uirgini
345 2097 471 2157 Rubriae
493 2101 549 2158 vim
571 2097 679 2174 intulit,
702 2097 799 2158 Acten
815 2097 948 2157 libertam
969 2095 1084 2175 paulum

27 2181 41 2259 ζ.
86 2181 155 2240 aluit
170 2182 237 2258 quin
253 2182 327 2239 iusto
343 2181 396 2240 sibi
417 2182 596 2242 matrimonio
618 2184 817 2258 coniungeret,
838 2183 993 2240 summissis
1015 2196 1082 2241 ccu-
1176 2250 1184 2256 ¹
1214 2247 1215 2254 χ

86 2263 229 2324 salaribus
245 2265 312 2323 viris
330 2267 377 2344 qui
398 2266 482 2340 regio
503 2281 614 2342 genere
639 2273 730 2324 ortam
756 2267 938 2343 peierarent;
964 2281 1083 2342 puerum
1214 2257 1215 2266 ’

21 2339 25 2348 “
85 2350 209 2426 Sporum
226 2349 338 2408 exectis
356 2347 477 2409 testibus
499 2349 583 2410 etiam
604 2351 632 2408 iu
653 2347 821 2408 muliebrem
841 2359 970 2409 naturam
991 2356 1120 2410 trans-as
1211 2369 1214 2408 ι

85 2433 211 2510 iugur'are
226 2441 357 2510 conatus,
374 2450 437 2492 cum
452 2431 527 2494 dote
537 2442 567 2492 et
581 2432 712 2493 flammeo
727 2447 781 2511 per
798 2431 949 2492 sollemnia
970 2433 1079 2509 nuptia·

84 2535 144 2575 rurn
170 2514 361 2578 celeberrimo
384 2517 482 2576 cilicio
504 2516 655 2576 deductum
678 2515 713 2575 ad
736 2535 768 2576 se
788 2508 841 2595 pro
865 2533 957 2576 uxore
974 2514 1110 2575 habuit.-

84 2599 227 2679 Extatque
244 2600 388 2661 cuiusdam
403 2617 460 2660 non
473 2602 591 2660 inscitus
603 2602 696 2675 iocus,
712 2597 788 2659 bene
803 2598 1003 2678 opipotue'ese
1014 2615 1082 2658 cnm
1120 2670 1124 2676 .

80 2681 178 2744 rebus
192 2682 344 2759 inmania,
361 2683 392 2743 ei
399 2681 553 2745 Domitius
565 2690 657 2762 poter
668 2682 760 2744 talem
770 2681 930 2744 debuisset
940 2699 1079 2742 acorem.

84 2766 164 2825 llunc
185 2768 321 2844 Sporum,
342 2765 535 2844 Augustarum
556 2769 729 2828 ornamentis
750 2765 895 2827 excultum
917 2766 1120 2844 lecticaqueao
1197 2772 1205 2795 '-

84 2859 215 2925 vectum,
241 2860 269 2910 et
294 2852 370 2910 circa
391 2861 550 2912 conventus
570 2861 770 2930 mercatusque
792 2850 932 2912 Graeciae
960 2867 996 2910 ac
1014 2866 1083 2908 mox

83 2933 193 2992 Romae
211 2936 288 2992 circa
303 2933 448 3011 Sigillaria
471 2936 622 2997 comitatus
642 2945 697 3011 est,
721 2934 874 2996 identidem
896 2932 1081 3000 exosculans.

84 3015 155 3076 Nam
170 3018 268 3076 matris
285 3017 464 3077 concubitum
480 3021 629 3096 appetisse
644 3029 673 3078 et
690 3018 725 3078 ab
742 3018 985 3096 obtrectatoribus
1008 3018 1081 3093 eius,

83 3118 119 3159 ne
135 3101 222 3160 ferox
239 3109 324 3179 atque
339 3103 481 3180 impotens
495 3102 597 3161 mulier
613 3111 641 3161 et
655 3102 711 3162 hoc
727 3119 837 3180 genere
860 3103 971 3178 gratiae
995 3117 1080 3179 prae-

83 3184 398 3268 valeret,deterritum,
414 3201 498 3245 uerno
518 3184 673 3262 dubitarit,
695 3187 793 3264 ntique
812 3182 965 3264 postquam
986 3196 1118 3244 mere-es

82 3268 194 3344 tricem,
210 3287 293 3346 quarn
310 3268 383 3328 lama
400 3277 462 3329 erat
479 3269 660 3348 Agrippinae
675 3269 862 3345 simillimam,
882 3267 958 3330 iuter
973 3284 1081 3328 nuncu

83 3348 164 3410 binas
179 3352 300 3430 recepit.
346 3351 419 3412 Olim
435 3353 520 3412 etiarn
537 3355 669 3430 quotiens
685 3346 790 3413 lectica
807 3371 870 3415 cunr
885 3361 976 3413 matre
990 3352 1081 3412 vsue-
1136 3371 1141 3378 ·

82 3439 171 3509 retur,
184 3432 359 3494 libidinatum
371 3436 481 3496 inceste
494 3453 529 3496 ac
540 3436 659 3496 maculis
671 3439 760 3496 uestis
773 3435 917 3516 proditum
927 3436 1081 3498 alumnam.

8 1889 37 1928 cpi
