2444 3872
118 203 178 264 150
222 213 253 261 e.
266 212 416 262 suusonr
433 210 560 270 rauna.
579 178 626 256 uu
642 208 725 256 v1ru
744 206 929 256 cassanum
945 206 1015 253 uus.
1029 205 1062 252 v.

116 371 172 432 des
191 369 272 430 lanc
291 374 413 447 partem
434 365 586 446 epistulae
605 364 697 426 laius
717 361 886 443 legendam.
916 361 1029 422 Rursus
1048 359 1122 420 alte·

57 515 62 525 ,
114 457 156 516 ris
173 455 290 514 litteris:

110 571 117 582 ,
181 536 336 599 Tiberium
353 535 578 597 adulescentem
595 551 651 614 epo
672 549 762 610 aero,
790 531 862 592 dum
877 539 910 593 tu
928 529 1045 606 aberis,
1069 547 1119 591 co-

71 643 86 686 e
115 623 189 684 tidie
203 617 343 684 incitabo
360 620 404 681 od
425 637 571 705 caenam,
600 637 639 680 ne
658 616 745 679 solus
767 625 875 698 coenet
887 635 955 678 cnm
973 633 1030 676 suo
1050 612 1120 675 Sul-

110 708 196 786 picio
223 713 252 766 et
277 701 486 768 Athenodoro.
533 701 594 778 Oui
621 702 728 764 vellem
759 692 934 782 diligentius
964 707 993 761 et
1021 699 1144 760 minuss

113 781 287 871 μετεώρως
309 787 456 870 deligeret
479 788 541 850 sibi
567 789 715 868 aliquem,
753 787 841 846 cuiue
859 793 971 847 motum
991 791 1020 845 et
1033 783 1120 844 tatt-

115 883 177 937 tum
204 882 234 936 ct
260 875 414 934 incessum
430 875 613 936 imitaretur.
658 869 801 932 Misellus
826 857 955 948 ἀτυχεῖ·
988 887 1061 930 nam
1086 864 1123 928 ἐν

114 967 183 1032 τοῖς
201 955 416 1038 σπουδαίοις,
439 957 497 1022 ulti
519 977 582 1020 non
604 956 767 1017 aberrauit
784 955 852 1015 eius
873 953 1012 1029 animus,
1043 953 1123 1013 satis

115 1031 285 1126 appareti}
301 1039 360 1123 τῆς
377 1039 483 1122 ψυχῆς
495 1031 601 1103 αὐτοῦ
616 1030 777 1122 εὐγένεια.
806 1039 879 1100 Item
893 1039 987 1098 tertiis
1002 1035 1121 1098 litte‘ris:

89 1147 93 1192 t
139 1150 143 1158 ·
180 1127 334 1190 Tiberium
364 1134 505 1204 nepotem
531 1133 615 1187 mum
640 1126 770 1206 placere
798 1123 875 1184 miii
900 1123 1155 1186 declamantium

110 1213 268 1290 potuisse,
298 1227 428 1288 peream
446 1212 523 1286 nisi,
554 1228 624 1270 meo
638 1209 746 1285 Liuio,
776 1208 928 1270 admiror.
973 1207 1123 1287 Numqui

113 1303 176 1357 tam
190 1291 328 1372 ἀσαφῶς
347 1293 510 1374 loquatur,
543 1295 596 1373 qni
616 1294 723 1374 possit
742 1311 811 1354 oum
832 1292 988 1354 declamat
1007 1287 1122 1373 σαφῶς

114 1379 219 1441 dicere
233 1395 314 1460 quae
328 1379 461 1440 dicenda
477 1384 564 1456 sunt,
587 1397 650 1439 non
664 1377 765 1440 video.

128 1467 152 1525 l
174 1464 238 1524 Nee
255 1461 370 1524 dubium
386 1474 447 1542 est,
471 1462 539 1543 quid
554 1464 709 1542 posthaec
725 1462 875 1540 Augustus
895 1463 1076 1522 constituerit
1092 1469 1122 1520 et

112 1547 264 1628 reliquerit
283 1565 349 1608 eum
370 1548 449 1609 nullo
466 1556 585 1627 praeter
601 1549 748 1626 auguralis
768 1546 926 1608 sacerdotii
942 1545 1055 1607 honore
1071 1546 1120 1604 im·
1133 1567 1156 1610 rs

111 1634 259 1714 perlitum,
287 1649 322 1694 ac
338 1650 375 1692 ue
397 1632 535 1693 heredem
551 1631 666 1711 quidem
687 1633 742 1692 nisi
757 1633 833 1692 inter
847 1632 949 1691 tertios
970 1647 1005 1690 ac
1026 1621 1121 1709 plene

112 1728 269 1779 extraneos
301 1736 317 1777 e
346 1724 429 1796 parte
458 1711 541 1778 saxia
570 1719 758 1795 nuncuparit,
786 1716 885 1795 legato
916 1732 1034 1795 quoque
1063 1731 1123 1774 uon

112 1803 235 1881 amplius
253 1819 337 1881 quum
356 1803 589 1878 octingentorum
605 1803 805 1861 sestertiorum
820 1808 1005 1879 prosecutus.

80 1887 96 1938 5
126 1893 136 1954 t
172 1886 306 1948 'liberius
334 1894 453 1965 patruus
479 1887 590 1965 petenti
615 1886 743 1947 honores
767 1883 930 1945 consularia
951 1891 1121 1944 ornamenta

111 1969 224 2042 detulit;
256 1969 309 2031 sed
329 1971 480 2030 instantius
496 1971 643 2048 legitimos
661 1969 801 2048 flagitanti
816 1967 845 2030 id
866 1967 960 2028 salum
977 1967 1121 2028 codicillis
1131 1986 1157 2028 m

110 2055 279 2133 rescrIpsit,
306 2053 519 2134 quadraginta
551 2071 666 2114 aureos
694 2054 727 2114 iu
752 2051 942 2115 Saturnalia
968 2059 997 2112 et
1024 2051 1119 2132 Stptt-
1151 2106 1153 2110 .

110 2136 195 2197 laria
216 2137 339 2198 misisse
360 2139 397 2198 ei.
418 2141 425 2198 i
443 2137 524 2199 'lunc
545 2139 657 2198 demum
677 2136 791 2198 abiecta
814 2155 868 2217 spe
889 2136 1052 2215 dignitatis,
1083 2135 1121 2196 ad

110 2222 199 2280 otium
215 2223 379 2298 concessit,
404 2221 492 2283 modo
507 2223 536 2281 in
550 2221 642 2282 hortis
659 2229 688 2281 et
704 2220 869 2282 suburbano
887 2220 975 2282 modo
991 2222 1020 2281 in
1036 2213 1120 2281 Cam·

109 2305 213 2383 panias
236 2323 368 2365 secessu
394 2305 587 2383 delitescens,
617 2315 704 2385 atque
735 2324 773 2366 ex
803 2305 995 2366 contubernio
1026 2303 1120 2365 sordi-

109 2389 290 2451 dissimorum
312 2389 457 2450 hominum
480 2407 569 2468 super
588 2399 718 2450 veterem
740 2391 882 2470 segnitiae
904 2397 1002 2451 notam
1023 2388 1157 2448 ebrie-2⁵

107 2474 174 2533 tatis
190 2491 307 2553 quoque
323 2483 352 2534 et
366 2474 449 2534 aleae
465 2474 609 2535 infamiam
625 2474 723 2558 subiit,

75 2557 242 2632 dicdum
271 2561 398 2636 interim,
429 2576 598 2639 quamquam
625 2559 682 2620 hoc
707 2559 793 2620 modo
821 2560 935 2637 agenti,
966 2574 1121 2636 numquam

108 2651 156 2701 aut
175 2642 302 2702 officium
322 2641 467 2703 hominum
487 2653 534 2706 aut
557 2644 721 2704 reverentia
738 2642 855 2723 publice
876 2643 997 2712 deluit!
1020 2640 1119 2719 Eque·
1170 2639 1173 2643 ’

107 2734 168 2784 ster
190 2725 261 2785 ordo
283 2725 329 2784 bis
351 2737 504 2805 patronum
524 2746 589 2788 eum
609 2727 802 2807 perferendae
824 2745 878 2806 pro
902 2746 934 2788 se
960 2724 1119 2804 legationis

107 2808 213 2886 elegit,
245 2809 336 2869 semel
356 2828 419 2870 cum
434 2811 643 2890 deportandum
661 2812 782 2873 Romam
800 2829 909 2890 eorpus
925 2809 1050 2890 Augusti
1066 2808 1118 2868 ltu·
1130 2809 1167 2870 so‘

105 2893 193 2950 meris
216 2894 275 2951 suis
296 2892 332 2952 ah
357 2895 526 2955 consulibus
552 2904 748 2975 exposceret,
780 2898 883 2956 iterum
905 2913 968 2957 cum
994 2910 1121 2974 oppres·

106 2993 168 3034 sum
182 2977 319 3037 Seianum
336 2977 413 3056 apud
428 2981 548 3040 eosdem
563 2981 774 3058 gratularetur;
808 2981 877 3060 quia
892 2988 922 3040 et
937 2976 1121 3058 spectaculis

105 3059 270 3121 advenienti
287 3078 445 3140 assurgere
469 3072 497 3123 et
513 3063 648 3124 lacernas
668 3063 818 3144 deponere
833 3063 961 3125 solebat.
992 3064 1121 3122 Senatus

104 3161 238 3224 quoque,
271 3153 301 3206 ut
322 3145 521 3208 adnumerum
542 3146 683 3219 sodalium
700 3146 904 3226 Augustalium
919 3157 999 3208 sorte
1016 3145 1120 3210 dueto-

103 3247 166 3287 rum
184 3235 266 3290 entia
288 3229 419 3291 ordinem
440 3231 620 3308 adiceretur,
649 3235 760 3292 censuit
776 3242 805 3292 et
825 3249 895 3293 mox
909 3241 939 3292 ut
953 3232 1056 3292 ,domus
1078 3229 1117 3308 ei,
1130 3249 1159 3292 ss

104 3329 189 3388 quarn
204 3314 338 3375 incendio
355 3316 506 3391 amiserat,
536 3314 652 3394 publica
672 3319 804 3396 impensa
826 3319 1044 3390 restitueretur,
1075 3313 1119 3373 di-

106 3395 275 3474 cendaeque
296 3399 372 3458 iuter
393 3399 562 3459 consulares
582 3404 742 3462 sententiae
759 3403 803 3461 ius
824 3411 914 3462 esset.
960 3397 1044 3475 Quod
1066 3397 1120 3458 de·

103 3486 215 3537 cretum
237 3481 376 3540 abolitum
393 3491 454 3560 est,
484 3493 642 3544 excusante
665 3485 783 3546 'liberio
807 3484 1034 3546 imbecillitatem
1052 3483 1121 3543 eius
