2438 3872
109 206 177 270 218
199 219 229 268 c.
243 218 394 270 suunoru
407 220 536 280 nasso.
548 221 596 268 nu
608 221 692 270 mus
705 220 970 271 cunemundus.
983 223 1045 271 v11.

110 375 206 436 anniae
221 377 347 453 amovit,
372 394 435 438 cum
451 374 586 436 libertino
603 375 714 437 cuidam
729 375 863 436 acerbius
878 375 1006 437 debitum
1020 394 1114 458 repo·

108 460 207 521 secuti
227 459 392 520 iniuriarum
406 459 565 538 formulam,
582 461 663 538 quasi
679 460 761 520 oaloe
777 460 812 520 ab
829 477 865 521 eo
883 478 1051 539 percussus,
1066 464 1111 522 iu·

112 542 254 608 tendisset
269 561 325 604 neo
346 543 430 605 aliter
444 561 528 623 quarn
542 545 666 624 extortis
681 545 887 622 quinquaginta
904 546 1046 606 sestertiis
1061 565 1110 606 re·

108 628 248 690 misisset
1077 627 1079 633 ’

176 710 388 774 Aduenientem
411 711 486 772 male
510 712 648 773 animatus
673 730 744 790 erga
772 713 933 792 principem
960 715 1137 774 exereitusa

110 815 281 878 pronusque
297 796 334 858 ad
348 815 398 857 res
412 813 504 856 novas
522 795 617 855 libens
637 813 674 854 ac
692 797 802 874 supinis
824 796 953 857 manibus
976 800 1107 876 excepit,

110 881 192 943 velut
207 880 285 942 dono
303 881 387 941 deum
403 879 542 956 oblatum,
560 888 606 939 ter
620 879 749 940 consulis
764 879 861 958 lilium,
873 889 970 941 aetate
980 883 1106 959 integra,

107 965 192 1027 incili
206 984 241 1025 ac
260 965 386 1045 prodigo
403 964 508 1025 animo.
534 963 626 1039 Quam
640 972 771 1026 veterem
785 963 822 1024 de
838 982 871 1025 se
887 967 1108 1044 persuasionem

110 1048 248 1110 Vitellius
262 1049 429 1110 recentibus
446 1049 532 1108 etiam
548 1049 754 1128 experimentis
770 1057 900 1127 auxerat,
919 1058 980 1110 tota
994 1051 1041 1110 via
1057 1067 1106 1110 oa-

109 1134 266 1211 ligatorum
281 1151 397 1212 quoque
413 1131 532 1191 militum
547 1132 651 1206 obvios
664 1133 849 1211 exosculans,
865 1150 976 1213 perque
991 1133 1105 1195 stabula
1116 1151 1146 1193 ro

107 1236 147 1279 ac
160 1217 329 1278 deversoria
344 1214 516 1276 mulionibus
532 1235 567 1276 ao
578 1215 736 1276 viatoribus
743 1225 865 1296 praeter
876 1218 989 1278 modum
1003 1219 1105 1295 comis,

107 1309 142 1361 ut
155 1319 237 1361 mane
253 1299 395 1378 singulos,
411 1299 514 1360 iamne
526 1301 711 1376 iantassent,
728 1302 927 1362 sciscitaretur
948 1319 1037 1380 seque
1061 1302 1105 1362 ie·

75 1397 97 1452 8
113 1387 189 1446 cisse
204 1392 288 1444 ructu
303 1401 420 1463 quoque
436 1383 614 1444 ostenderet.
650 1384 753 1446 Castra
768 1404 842 1446 vero
863 1388 1013 1463 ingressus
1034 1385 1106 1446 nibil

111 1470 244 1549 cuiqnam
260 1469 394 1548 poscenti
409 1471 528 1545 negavit
542 1477 628 1547 atque
644 1470 729 1528 etiam
744 1469 818 1530 ultro
838 1471 1039 1548 ignominiosis
1052 1487 1104 1530 no·

110 1563 166 1631 tas,
180 1555 241 1613 reis
259 1552 373 1628 sordes,
389 1552 529 1613 damnatis
545 1553 688 1632 supplicia
707 1552 840 1632 dempsit.
870 1553 967 1629 Quare
988 1554 1103 1614 vixdum
1116 1569 1143 1610 aa

109 1655 210 1699 mense
222 1645 379 1714 transacto,
392 1655 488 1715 neque
499 1636 557 1697 diei
569 1655 662 1714 neque
675 1639 815 1714 temporis
827 1639 939 1698 ratione
950 1637 1058 1716 habita,
1069 1656 1105 1698 ao

109 1723 168 1784 iarn
176 1739 315 1800 vespere,
326 1720 419 1782 subito
432 1720 593 1781 amilitibus
605 1739 621 1780 e
634 1720 767 1781 cubiculo
779 1730 889 1801 raptus,
900 1724 941 1781 ita
951 1731 980 1781 ut
991 1731 1064 1799 erat,
1076 1723 1106 1782 in

45 1857 47 1860 .
109 1815 194 1867 veste
208 1805 377 1882 domestica,
395 1807 554 1883 imperator
575 1812 620 1864 cst
642 1803 838 1864 consalutatus
863 1805 1105 1885 circumlatusque

6 1951 8 1956 ,
111 1909 165 1971 per
182 1889 390 1950 celeberrimos
405 1890 505 1964 vicos,
530 1889 658 1948 strictum
680 1885 746 1947 Ilivi
766 1887 830 1948 lulii
850 1889 978 1966 gladium
991 1899 1102 1950 tenens

108 1975 270 2035 detractum
285 1973 406 2033 delubro
422 1972 522 2032 lllartis
538 1981 623 2050 atque
638 1972 666 2030 in
684 1975 775 2050 prima
793 1973 984 2051 gratulatione
1000 1990 1102 2052 porro·
1112 1995 1139 2034 ’.νο

110 2068 186 2119 otum
201 2058 255 2117 sibi
272 2076 288 2118 a
303 2056 442 2135 quodam;
463 2074 518 2116 nec
533 2065 598 2116 ante
618 2056 647 2114 in
661 2057 838 2135 praetorium
856 2056 940 2116 rediit
954 2075 1039 2136 qnam
1054 2058 1102 2116 lla-

108 2150 213 2220 grante
228 2140 353 2200 triclinio
371 2158 407 2198 ex
424 2148 568 2218 conceptu
586 2140 704 2218 camini,
722 2157 786 2199 cum
802 2140 916 2220 quidem
934 2151 1102 2201 consterna-

108 2227 145 2284 tis
168 2232 199 2283 et
221 2224 301 2302 quasi
323 2225 417 2283 omine
442 2223 567 2284 adverso
588 2224 681 2284 anxiis
703 2224 852 2303 omnibus,
873 2223 979 2301 Bono,
1002 2227 1101 2304 inquit,

109 2307 212 2368 animo
227 2309 341 2368 estote!
356 2307 448 2368 nobis
458 2306 585 2368 adlusit
589 2332 605 2378 ;
619 2307 699 2368 nullo
715 2327 851 2370 sermone
867 2310 925 2370 alio
941 2309 1016 2388 apud
1030 2308 1101 2368 mili·

108 2401 154 2452 tes
175 2409 253 2452 usurs.
288 2389 500 2452 consentiente
522 2390 626 2450 deinde
645 2394 729 2452 etiam
753 2394 914 2472 superioris
931 2394 1140 2472 provinciaeat

88 2479 252 2552 exercitu,
268 2477 316 2555 qui
333 2478 413 2555 prius
429 2493 444 2536 a
460 2474 551 2537 Galba
569 2473 603 2534 ad
619 2485 748 2535 senatum
764 2477 925 2554 deiecerat,
937 2494 1103 2554 cognomen

109 2559 272 2622 Germanici
289 2560 412 2621 delatum
423 2558 459 2619 ab
471 2560 613 2618 universis
624 2560 727 2637 cupide
740 2563 863 2640 recepit,
877 2560 1001 2638 Augusti
1013 2559 1100 2621 distu-

74 2644 151 2720 9lit,
170 2644 305 2706 Caesaris
319 2645 347 2703 in
364 2652 535 2723 perpetuum
551 2644 706 2702 recusavit.
734 2644 779 2704 Ac
795 2644 915 2705 subinde
932 2645 1023 2704 caede
1036 2644 1100 2707 (iel-
1209 2689 1210 2704 2

107 2727 164 2788 bae
180 2728 353 2803 adnuntiata,
371 2728 541 2806 compositis
553 2725 731 2788 Germanicis
745 2727 844 2805 rebus,
861 2730 982 2810 partitus
995 2739 1040 2790 est
1052 2745 1100 2789 co·
1209 2723 1210 2742 ¹

108 2813 183 2891 pias,
199 2830 271 2890 quas
286 2811 425 2871 adversus
438 2811 580 2871 Othonem
592 2812 799 2890 praemitteret,
815 2830 945 2893 quasque
957 2814 1021 2891 ipse
1035 2831 1100 2892 per·
1109 2831 1138 2877 ac

107 2894 237 2956 duceret.
267 2894 429 2955 Praemisso
445 2897 559 2972 agmine
576 2895 680 2955 laetum
695 2898 793 2956 evenit
814 2897 988 2976 auspicium,
1013 2898 1099 2976 siqui·

106 2979 173 3039 dem
193 2996 209 3038 a
232 2987 315 3057 parte
338 2978 440 3039 dextra
461 2988 584 3057 repente
605 2980 700 3058 aquila
722 2980 886 3058 advolavit,
913 2980 1102 3059 lustratisque

106 3062 201 3140 signis
214 3063 368 3139 ingressos
384 3064 460 3123 viam
478 3063 585 3122 sensim
599 3066 766 3124 antecessit.
797 3063 836 3124 At
849 3072 949 3124 eontra
962 3067 1028 3142 ipso
1040 3080 1100 3126 mo-

107 3156 210 3224 vente,
234 3155 346 3207 statuae
368 3155 540 3225 equestres,
565 3164 628 3206 cum
655 3146 831 3226 plurifariam
855 3149 883 3208 ei
911 3157 1100 3226 ponerentur,
1208 3189 1210 3258 p

105 3230 210 3291 lraotis
222 3239 346 3308 repente
362 3231 493 3292 cruribus
510 3230 618 3308 pariter
632 3241 816 3310 corrnerunt,
840 3240 870 3292 et
883 3231 997 3308 laurea,
1015 3248 1134 3311 quamue

106 3313 328 3394 religiosissime
352 3312 596 3390 circumdederat,
621 3317 650 3374 in
672 3315 864 3393 produentem
885 3315 1009 3386 excidit;
1029 3333 1099 3378 mox

107 3395 238 3458 Viennae
253 3415 307 3478 pro
324 3396 458 3458 tribunali
476 3399 536 3456 iura
557 3395 688 3456 reddenti
709 3399 890 3478 gallinaceus
910 3419 997 3480 supra
1020 3417 1099 3462 ume-

105 3495 168 3539 rum
182 3497 219 3541 ac
233 3481 338 3543 deinde
353 3483 381 3542 in
398 3483 494 3562 capite
512 3481 608 3541 astitit.
639 3480 750 3556 Quibus
766 3485 887 3546 ostentis
903 3501 956 3562 par
975 3501 1099 3566 respon·
