2438 3872
110 158 173 221 222
200 173 231 222 o.
247 173 398 222 suanom
417 173 547 234 ranno.
563 175 610 222 na
626 175 710 222 unns
725 173 910 223 cassanum
925 175 995 222 ms.
1007 175 1070 223 vn.

112 338 199 390 nocte
221 328 408 409 interposita,
439 330 534 408 primo
556 329 683 391 diluculo
710 330 871 390 sordidatus
898 328 1048 390 descendit
1079 328 1117 389 ad

113 422 208 474 rostra
225 413 381 492 multisque
397 432 461 473 curn
477 413 604 474 la'crimis
626 414 727 474 eadem
746 414 810 492 illa,
831 431 931 474 verum
956 431 972 474 e
999 412 1115 493 libello,

111 506 234 558 testatus
250 505 304 556 est.
338 498 450 558 llursus
464 499 670 577 interpellante
686 498 777 558 milite
791 516 826 558 ac
845 497 957 577 populo
970 506 1000 558 et
1010 515 1048 556 ne
1060 496 1116 558 de·

111 585 214 643 liceret
230 580 362 642 hortante
379 598 553 660 omnemque
568 600 688 662 operam
701 600 781 642 snam
794 583 925 643 certatim
938 581 1113 661 pollicente,

112 667 235 727 animum
256 666 413 744 resumpsit
432 665 627 745 Sabinumque
651 675 681 726 et
701 667 834 744 reliquos
858 666 1014 726 Flavianos
1041 664 1141 726 nihils

112 753 167 811 iam
181 752 334 810 metuentis
348 750 377 808 vi
394 748 488 810 subita
503 749 532 809 in
549 747 722 831 Capitolium
740 749 890 830 compulit,
908 765 1115 827 succensoque

95 834 222 914 templo
240 833 320 892 lovis
336 832 443 911 Optimi
459 833 576 894 blaximi
592 836 752 914 oppressit.
785 833 857 894 Cum
878 843 907 894 et
923 833 1065 913 proelium
1083 841 1117 892 et

109 918 272 980 incendium
287 935 304 977 e
321 915 474 979 Tiberiana
490 920 678 998 prospiceret
698 917 783 980 domo
805 921 880 977 inter
902 917 1023 997 epulas,
1051 933 1114 976 non

110 1003 198 1063 multo
216 1011 283 1080 post
301 1001 455 1080 paenitens
472 1001 541 1063 lacti
559 1012 588 1066 et
602 1004 631 1062 in
645 1003 721 1063 alios
737 1003 851 1082 culpam
868 1002 1042 1078 conterens,
1058 1017 1114 1060 vo·

110 1096 172 1149 cata
190 1086 326 1146 contione
342 1086 447 1145 iuravit
463 1087 620 1166 coegitque
634 1088 731 1146 iurare
755 1096 785 1146 et
809 1095 942 1164 ceteros,
963 1085 1032 1146 ntlrtt
1056 1084 1153 1144 sibim

109 1171 252 1248 antiquius
269 1171 366 1248 quieto
382 1169 498 1247 publica
513 1170 588 1230 lore.
621 1171 701 1231 Tunc
718 1170 843 1230 solutum
859 1171 982 1230 alatere
1005 1171 1113 1248 pugio·

109 1269 174 1313 nem
190 1253 304 1329 consuli
318 1253 449 1331 primum,
468 1252 574 1314 deinde
590 1254 641 1314 illo
656 1263 811 1315 recusante
833 1252 1052 1331 magistratibus
1074 1271 1115 1312 ac

109 1356 178 1398 mox
193 1336 376 1397 senatoribus
392 1337 515 1414 singulis
529 1339 706 1417 porrigens,
728 1338 809 1398 nullo
824 1339 1004 1418 recipiente,
1027 1338 1114 1415 quasi

109 1425 138 1483 in
151 1421 225 1482 aede
241 1417 424 1481 Concordiae
442 1422 591 1500 positurus
606 1422 759 1482 abscessit.
793 1422 852 1483 Sed
874 1421 1046 1501 quibusdam
1060 1421 1113 1481 ad-

89 1569 91 1574 ,
111 1503 309 1582 clamantibus,
324 1505 426 1583 ipsum
440 1523 509 1565 esse
524 1504 743 1582 Concordiam,
759 1507 844 1567 rediit
858 1525 914 1566 nec
929 1506 1023 1566 solum
1040 1506 1108 1566 reti·
1123 1528 1154 1569 ro

108 1609 179 1650 nere
196 1607 229 1648 se
246 1590 354 1650 ferrum
365 1589 530 1667 aiiirmarit,
546 1609 645 1651 verum
662 1593 748 1651 etiam
761 1589 949 1651 Concordiae
972 1589 1112 1667 recipere

69 1691 288 1752 locognomem
305 1675 454 1752 suasitque
471 1677 600 1752 senatui,
617 1684 647 1736 ut
661 1675 779 1753 legatos
795 1693 859 1735 euna
876 1673 1035 1751 virginibus
1050 1673 1111 1733 lle·

109 1758 229 1820 stalibus
246 1758 401 1835 mitterent,
418 1775 521 1836 pacem
537 1769 586 1819 aut
603 1768 684 1818 certe
700 1768 815 1838 tempus
830 1757 866 1818 ad
890 1756 1112 1818 consultandum

110 1844 262 1922 petituros.

171 1926 314 1987 Postridie
331 1944 473 2006 responsa
490 1928 656 2007 opperienti
672 1929 827 1988 nuntiatum
843 1936 888 1987 est
903 1945 957 2005 per
972 1926 1111 2004 explora·
1121 1949 1152 1990 ao

109 2021 213 2087 torem,
229 2011 331 2070 hostes
345 2013 596 2090 appropinquare.
628 2010 772 2073 Continuo
787 2013 875 2090 igitur
889 2010 1041 2072 abstrusus
1055 2029 1111 2089 ge·

110 2095 228 2155 statoria
246 2094 330 2170 sella,
349 2094 460 2154 duobus
478 2095 550 2156 solis
566 2095 729 2172 comitibus,
742 2096 854 2174 pistore
866 2105 894 2156 et
907 2112 993 2170 coco,
1007 2095 1110 2154 Aven-

108 2181 197 2238 tinum
215 2185 244 2235 et
258 2186 407 2257 paternam
423 2179 536 2239 domum
553 2179 627 2240 clam
640 2182 729 2259 petit,
745 2189 776 2240 ut
791 2179 858 2240 inde
874 2181 903 2239 in
919 2176 1110 2257 Campaniam

109 2263 239 2339 lugerem
255 2278 324 2321 mox
339 2261 397 2321 lovi
413 2280 529 2323 rumore
546 2272 574 2323 et
588 2265 710 2342 incerto,
726 2273 870 2343 tamqnam
882 2281 941 2342 pax
953 2265 1111 2342 impetrata

109 2354 203 2422 esset,
221 2345 325 2405 reierri
342 2365 376 2406 se
393 2348 421 2405 in
439 2346 576 2408 Palatium
601 2366 704 2426 passus
728 2357 782 2408 est.
829 2348 885 2410 Ubi
906 2365 969 2407 curn
990 2347 1110 2407 deserta
1118 2375 1148 2418 25

109 2430 203 2491 omnia
219 2431 392 2509 reperisset,
404 2430 598 2492 dilabentibus
613 2435 700 2511 etqui
716 2431 800 2493 simul
813 2441 906 2509 erant,
924 2449 1000 2493 nona
1012 2448 1045 2491 se
1059 2449 1109 2491 an-

108 2532 224 2575 reorum
241 2515 327 2594 plena
344 2516 533 2577 circumdedit
548 2517 739 2596 confugitque
754 2518 783 2575 in
806 2516 942 2576 cellulam
964 2516 1108 2593 ianitoris,

108 2599 234 2676 religato
250 2617 304 2678 pro
321 2600 434 2661 loribus
447 2618 520 2661 cane
536 2601 677 2679 lectoque
692 2610 722 2660 et
738 2601 843 2661 culcita
857 2601 993 2661 obiectis.

67 2691 99 2749 17
170 2682 340 2762 lrruperant
363 2685 419 2745 iam
442 2686 566 2764 agminis
586 2694 794 2747 antecessores
815 2703 849 2746 ac
872 2687 987 2747 nemine
1018 2684 1107 2745 obvio
1205 2685 1206 2688 ’

108 2765 293 2845 rimabantur,
312 2778 343 2828 nt
359 2770 398 2847 fit,
414 2769 538 2847 singula.
583 2769 630 2830 Ab
647 2769 693 2830 bis
708 2779 858 2831 extractus
876 2789 892 2830 e
909 2769 1032 2846 latebm,
1052 2770 1148 2834 sei-so

108 2853 259 2928 saltantes,
276 2853 341 2930 quis
357 2863 437 2914 esset
454 2855 535 2934 (nam
550 2853 755 2932 ignorabatur)
771 2863 800 2914 et
814 2853 863 2914 ubi
877 2871 946 2914 esse
958 2852 1109 2915 Vitellium

108 2936 206 3011 sciret,
222 2936 375 3004 mendacio
392 2938 491 3008 elusit;
508 2937 613 2999 deinde
628 2940 759 3017 agnitus,
775 2957 884 3017 rogare
908 2956 967 2999 non
989 2937 1108 3016 destitit,
1206 2961 1207 2966 ¹

108 3020 192 3100 quasi
208 3020 349 3098 quaedam
367 3021 404 3082 de
422 3022 514 3083 salute
530 3023 704 3103 Vespasiani
721 3022 866 3100 dicturus,
893 3032 923 3084 ut
947 3021 1121 3096 custodires,
1206 3039 1207 3069 ³

107 3113 153 3164 tur
167 3104 282 3164 interim
300 3105 347 3164 vel
363 3107 392 3165 in
410 3123 541 3184 carcere,
557 3107 653 3168 donec
669 3107 801 3185 religatis
822 3116 891 3186 post
913 3117 998 3184 terga
1019 3106 1105 3166 mani·

106 3188 172 3266 bus,
189 3189 297 3254 iniecto
317 3190 483 3250 cervicibus
500 3190 623 3270 laqueo,
645 3202 729 3252 veste
750 3191 873 3252 discissa
894 3190 1059 3252 seminudus
1079 3189 1146 3252 inas
1201 3265 1204 3270 Ι

105 3272 201 3332 lorum
216 3281 328 3335 tractus
344 3283 389 3336 est
410 3275 486 3335 inter
503 3293 606 3353 magna
627 3293 723 3336 rerum
747 3275 963 3354 verborumque
985 3274 1108 3336 ludibria
1203 3315 1206 3370 ,

106 3366 267 3434 portatum
289 3358 355 3418 viae
371 3358 481 3418 Sacrae
508 3361 647 3436 spatium,
672 3359 792 3420 reducto
813 3378 897 3421 coma
921 3360 1031 3439 capite,
1053 3376 1107 3419 eeu

107 3440 186 3498 noxii
200 3441 308 3518 solent,
326 3449 414 3519 atque
429 3443 514 3502 etiam
529 3452 627 3503 mento
644 3461 783 3506 mucrone
797 3443 889 3522 gladii
904 3443 1061 3520 subrecto,
1077 3451 1109 3503 ul
1203 3487 1205 3542 ἱ
