2444 3872
452 221 555 271 orvns
575 223 765 271 accusans.
980 273 984 278 ,
1058 215 1097 276 73

11 391 13 408 ²
94 376 147 453 ibi,
164 373 258 436 donec
271 375 386 436 residua
401 375 493 436 diurni
507 383 586 436 actus
601 379 757 442 automata
773 387 821 438 aut
833 397 870 438 ex
880 381 1002 440 maxima
1014 391 1098 459 parte

97 461 274 536 conticeret,
295 459 331 519 ad
353 459 469 519 multam
487 469 602 519 noctem
622 460 820 538 permanebat.
850 462 883 522 ln
902 463 1009 523 lectum
1031 464 1098 525 inde

95 554 315 621 transgressus,
331 553 389 602 non
405 542 604 622 ampliuslcum
619 543 774 622 plurimum*
784 562 868 622 quam
882 554 995 624 septem
1011 547 1098 607 boras

96 626 276 704 dormiebat,
296 645 332 686 ae
354 644 391 685 ne
412 645 463 686 eas
483 626 597 704 quidem
615 630 780 704 continuas,
803 629 856 688 sed
873 632 946 689 utin
962 630 1096 692 illotem-

74 713 182 791 sporis
204 714 299 789 spatio
320 721 366 770 ter
382 719 429 770 aut
448 720 550 788 quater
565 713 830 790 expergisceretur.
863 714 894 774 Si
908 714 1099 794 interruptum

97 813 228 856 somnum
251 796 437 873 reciperare,
461 803 491 854 ut
513 795 624 870 evenit,
648 811 706 853 non
727 805 845 874 posset,
869 796 1031 857 lectoribus
1052 806 1099 857 aut

97 877 311 939 fabulatoribus
328 879 478 938 arcessitis
492 878 672 954 resumebat,
696 879 934 958 producebatque
950 881 1024 941 ultra
1041 883 1098 959 pri·

96 981 171 1024 mam
195 979 286 1039 saepe
310 961 415 1022 lucem.
455 960 519 1020 Nec
541 963 571 1020 in
593 961 722 1021 tenebris
743 963 872 1040 vigilavit
891 983 1023 1043 umquam
1044 966 1099 1024 nisi

97 1045 245 1108 assidente
269 1044 377 1124 aliquo.
419 1045 556 1106 Matutine
579 1045 677 1122 vigilia
699 1046 913 1117 offendebatur3
942 1067 978 1108 ac
1002 1051 1026 1108 si
1049 1047 1097 1108 rel

64 1148 89 1189 ιι
99 1131 190 1192 oflicii
216 1129 263 1190 vel
287 1131 365 1189 sacri
389 1147 476 1190 eausa
499 1131 635 1188 maturius
661 1129 855 1206 evigilandum
881 1141 976 1210 esset,
1005 1151 1042 1191 ne
1069 1131 1098 1190 id

16 1272 21 1283 ,
99 1223 200 1274 contra
223 1213 400 1273 commodum
421 1214 550 1289 iaceret,
573 1214 602 1272 iu
623 1215 757 1290 proximo
779 1217 982 1293 cuiuscumque
1000 1215 1097 1276 dome·

11 1307 13 1324 '
99 1299 238 1357 eticorum
264 1296 420 1356 caenaculo
448 1296 591 1356 manebat.
633 1297 682 1356 Sic
707 1314 825 1375 quoque
851 1316 941 1376 saepe
963 1299 1099 1377 indigens

11 1407 12 1424 ι
98 1381 208 1456 ιοιιιιιί,
237 1389 266 1438 et
269 1367 357 1440 dum
381 1399 435 1459 per
458 1381 541 1440 vicos
562 1380 766 1458 deportaretur
786 1391 815 1441 et
838 1381 970 1461 deposita
991 1382 1097 1442 lectica

97 1467 175 1525 inter
188 1463 301 1542 aliquas
315 1480 412 1524 moras
428 1463 655 1524 condormiebat.

63 1564 89 1604 ιι
160 1546 265 1608 Forma
285 1548 337 1607 luit
356 1549 459 1608 eximia
478 1556 506 1607 et
527 1565 581 1626 per
595 1564 696 1607 omnes
714 1550 816 1608 aetatis
831 1549 938 1625 gradus
956 1552 1140 1618 venustis-79

99 1635 185 1701 sima;
207 1649 377 1710 quamquam
398 1640 427 1691 et
448 1633 540 1691 omnis
561 1631 700 1692 lenocinii
724 1632 888 1709 neglegens
909 1640 938 1691 et
957 1633 1098 1710 incapite

100 1714 243 1775 comendo
263 1723 320 1774 tam
343 1717 521 1792 incuriosus,
545 1724 575 1774 ut
595 1715 699 1793 raptim
719 1714 915 1793 compluribus
933 1715 1015 1774 simul
1036 1724 1097 1775 ton·

100 1798 217 1860 soribus
237 1815 357 1876 operam
379 1798 476 1874 daret,
500 1817 535 1859 ac
550 1797 636 1858 modo
652 1798 787 1858 tonderet
799 1797 885 1858 modo
905 1797 1020 1858 raderet
1033 1798 1097 1858 bar·

11 1947 12 1950 ¹
96 1884 181 1959 bam,
204 1899 299 1960 eoque
318 1883 383 1961 ipso
397 1892 530 1961 tempore
548 1891 595 1941 aut
610 1881 726 1958 legeret
739 1880 848 1960 aliquid
863 1891 911 1942 aut
927 1883 1012 1941 etiam
1027 1884 1098 1942 scri·

63 1967 193 2027 deberet.
224 1965 311 2026 Vultu
331 1975 394 2026 erat
410 1967 458 2026 vel
477 1967 505 2025 in
522 1983 656 2025 sermone
674 1965 721 2026 vel
736 1966 840 2025 tacitus
856 1965 930 2026 adeo
942 1965 1098 2042 tranquillo

99 2067 284 2127 serenoque,
306 2058 336 2108 ut
359 2050 473 2127 quidam
494 2067 511 2109 e
529 2048 704 2128 primoribus
719 2047 875 2110 Galliarum
894 2049 1046 2108 confessus
1062 2050 1099 2108 sit

97 2137 175 2194 inter
199 2150 285 2208 suos,
310 2150 347 2191 eo
371 2151 403 2193 se
427 2131 574 2192 inhibitum
594 2150 629 2192 ac
648 2132 836 2209 remollitum,
859 2149 916 2210 quo
942 2133 1047 2209 miuus,
1068 2141 1099 2190 ut

99 2217 273 2292 destinarat,
302 2217 330 2275 in
358 2219 479 2276 transitu
501 2215 617 2295 Alpium
643 2233 698 2294 per
720 2216 929 2276 simulationem
950 2216 1099 2293 conloquii

99 2301 223 2381 propius
238 2299 387 2376 admissus,
403 2301 432 2358 in
447 2301 647 2378 praecipitium
664 2299 856 2377 propelleret.
878 2298 986 2364 Oculos
1001 2298 1099 2358 habuit

63 2401 90 2442 as
100 2383 200 2444 claros
228 2401 262 2443 ac
284 2382 406 2460 nitidos,
433 2383 537 2461 qulbus
562 2385 647 2442 etiam
674 2385 831 2442 existimari
857 2382 976 2442 volebat
1000 2385 1098 2441 inesse

99 2467 234 2547 quiddam
254 2466 341 2526 divini
356 2468 482 2544 rigoris,
505 2466 725 2544 gaudebatque,
749 2469 773 2525 si
789 2467 837 2543 qui
853 2465 907 2524 sibi
921 2467 1016 2524 acrius
1031 2483 1098 2524 con-

97 2552 188 2611 tuenti
208 2551 288 2628 quasi
313 2550 350 2610 ed
374 2550 520 2626 fulgorem
546 2549 617 2610 solis
643 2549 749 2609 vultum
772 2550 972 2616 summitteret;
998 2548 1079 2607 sed
1069 2566 1099 2606 m
1194 2571 1196 2576 ·

99 2643 220 2694 senecta
240 2634 355 2694 sinistro
375 2635 466 2694 minus
488 2631 571 2703 vidit;
594 2633 696 2694 dentes
710 2650 793 2692 raros
808 2640 836 2690 et
850 2634 973 2708 exiguos
990 2641 1019 2691 et
1035 2649 1098 2690 sca·

99 2718 184 2787 bros;
203 2707 346 2795 capillum
352 2711 459 2778 leviter
474 2718 609 2778 inflexum
625 2725 654 2776 et
668 2715 840 2784 subflavum3
859 2715 1015 2793 supercilia
1031 2731 1098 2774 con·

66 2803 214 2871 coiuncta;
229 2801 394 2862 mediocres
409 2819 510 2870 aures3
528 2819 628 2860 nasum
642 2809 671 2860 et
685 2817 701 2859 a
716 2817 825 2859 summo
842 2800 1058 2858 eminentiorem
1070 2807 1100 2856 et

100 2886 170 2947 ab'
162 2902 219 2944 rmo
243 2885 453 2954 deductiorem;
482 2884 612 2954 colorem
635 2885 709 2942 inter
729 2883 854 2961 aquilum
877 2881 1096 2960 candidumque;

99 2979 237 3030 staturam
252 2969 388 3046 brevem,
405 2969 504 3050 (quam
518 2979 613 3028 tumen
627 2967 715 3027 lulius
728 2965 888 3042 Marathus,
905 2965 1025 3026 libertus
1040 2975 1099 3025 eta

11 3069 15 3184 q
97 3053 238 3118 memoria
256 3054 333 3130 eius,
349 3056 474 3132 quinque
489 3053 594 3152 pedpm
610 3061 639 3111 et
654 3050 801 3110 dodrantis
817 3049 906 3109 luisse
923 3049 1025 3128 tradit)
1046 3049 1098 3109 sed

11 3187 13 3206 ι
99 3155 175 3216 quae
192 3137 401 3198 commoditate
423 3145 452 3195 et
474 3137 618 3215 aequitate
640 3133 832 3194 membrorum
851 3133 1049 3207 occuleretur,
1068 3141 1098 3190 ut
1164 3200 1165 3204 η

11 3213 13 3222 ’
61 3241 88 3284 es
98 3221 215 3280 nonnisi
230 3238 268 3280 ex
284 3221 501 3300 comparatione
513 3219 632 3279 astantis
644 3217 765 3278 alicuius
777 3216 956 3295 procerioris
967 3178 1098 3289 intellegi

120 3311 211 3364 osset.

11 3375 42 3464 ξ’
97 3323 117 3384 p
142 3385 278 3466 Corpore
301 3385 421 3446 traditur
447 3387 612 3459 maculoso,
639 3384 779 3462 dispersis
805 3401 859 3461 per
883 3389 987 3460 pectus
1012 3389 1142 3458 atqueeo

97 3471 194 3532 alvum
220 3470 365 3548 genetiuis
391 3471 468 3530 notis
494 3471 522 3528 in
548 3467 662 3529 modum
688 3476 717 3526 et
741 3466 869 3528 ordinem
896 3482 931 3524 ac
951 3481 1097 3523 numerum
