2444 3872
482 175 586 226 DIVUS
604 175 788 226 CLAUDIUS.
892 132 896 138 ¹
1078 166 1136 225 155

135 341 222 391 tatem
238 333 380 410 integram
402 341 570 410 ostentans,
594 341 704 394 mutare
722 333 848 394 habiturn
868 332 986 410 saepius
1008 341 1037 392 et
1052 339 1138 410 prout

135 425 322 476 accusaretur
335 417 596 494 defendereturve,
613 419 704 476 iussit.
726 418 771 478 De
783 413 906 496 quodam
918 417 1004 475 etiam
1018 415 1137 492 negotio

135 501 175 560 ita
192 519 230 560 ex
245 499 352 562 tabella
373 502 575 581 pronuntiasse
592 499 734 577 creditur,
755 499 923 562 secandam
940 517 994 560 eos
1013 516 1048 559 se
1068 515 1136 558 sen·
1147 505 1218 620 pp„

136 586 209 662 ta're,
226 585 368 664 qui-ocra
379 583 627 664 proposuissent.
646 584 772 664 Propter
784 602 858 663 quae
873 599 964 664 usqne
975 599 1013 644 eo
1027 582 1136 658 eviluit,

114 677 167 729 snt
191 672 300 748 passim
324 681 360 730 ac
379 669 531 748 propalam
549 670 726 748 contemptui
739 677 827 729 esset.
855 667 1007 728 Excusans
1024 666 1138 746 quidam

136 763 240 814 testem
255 773 271 813 e
286 757 436 832 provincia
448 753 483 814 ab
496 771 533 814 eo
545 762 680 814 vocatum
691 755 810 831 negarit
825 761 942 831 praesto
956 767 1023 812 esse
1035 767 1137 829 porse,

135 837 312 898 dissimulata
327 837 373 898 diu
390 855 490 906 causa;
508 856 544 898 ac
559 846 626 917 post
642 837 746 916 longas
763 837 876 896 demum
891 836 1139 912 interrogationes

135 920 279 983 Mortuus
293 928 355 996 cat,
369 923 476 1000 inquit:
489 927 582 1000 puto,
599 921 694 982 licuit.
715 920 799 981 Alius
812 921 922 998 gratias
936 935 1042 997 agens,
1060 917 1139 997 quod

135 1023 217 1066 reum
232 1004 348 1065 delendi
365 1015 529 1082 pateretur,
545 1004 665 1066 adiecit:
686 1003 730 1065 Et
744 1011 845 1065 temen
857 1003 929 1082 ficri
946 1003 1034 1064 soter.
1063 1001 1139 1062 lllud

1 1117 2 1134 ι
101 1103 126 1145 10
137 1106 252 1170 quoqne
268 1106 284 1148 a
300 1087 457 1150 maioribus
471 1098 538 1150 natu
553 1087 719 1164 audiebam,
737 1087 811 1148 adeo
826 1086 988 1148 causidicos
1000 1087 1139 1166 patientia

136 1177 199 1234 eius
220 1173 323 1234 solitos
349 1171 442 1251 abuti,
469 1182 499 1232 ut
523 1171 749 1232 descendentem
770 1191 787 1232 e
809 1170 943 1232 tribunali
964 1187 1021 1230 non
1045 1169 1138 1229 solum

135 1275 211 1318 voce
225 1265 415 1334 revocarent,
431 1256 485 1317 sed
499 1265 528 1317 et
543 1258 646 1317 lacinia
660 1265 748 1334 togae
763 1264 891 1332 retenta,
908 1254 1048 1315 interdum
1062 1253 1138 1332 pede

135 1341 322 1422 apprehenso
330 1341 501 1401 detinerent.
515 1341 603 1401 done
612 1340 887 1414 cuihaecmirasint,
901 1337 1137 1414 litigatoriGrae·

137 1427 204 1487 culo
218 1425 511 1486 vorinaltercatione
525 1425 647 1485 excidit:
664 1418 731 1484 Καὶ
743 1413 786 1484 σύ
798 1419 908 1503 γέρων
920 1415 1009 1484 εἶκαὶ
1015 1413 1137 1502 μωρός.

100 1531 126 1572 as
136 1511 270 1590 Equitem
284 1509 399 1588 quidem
413 1510 573 1571 Romanum
587 1509 777 1574 obscenitatis
791 1509 821 1566 in
837 1507 957 1567 leminas
972 1523 1070 1582 reum,
1085 1504 1139 1564 sed

134 1597 211 1656 ialso
230 1601 260 1654 et
274 1594 310 1654 ab
328 1593 534 1673 impotentibus
548 1593 669 1653 inimicis
686 1592 812 1652 conficto
829 1593 962 1668 crimine,
985 1593 1157 1650 sationem

135 1688 205 1755 stat,
229 1695 292 1738 curn
313 1687 411 1739 scorta
432 1679 580 1738 meritoria
600 1677 682 1737 citari
702 1674 842 1735 adversus
864 1693 897 1735 se
918 1683 948 1736 et
970 1673 1062 1735 audiri
1084 1689 1138 1752 pro

134 1764 300 1824 testimonio
313 1760 436 1838 videret,
450 1761 601 1840 graphium
613 1769 642 1819 et
652 1759 779 1835 libellos,
793 1775 866 1839 quos
876 1759 993 1819 tenebat
1004 1759 1033 1817 in
1044 1774 1137 1834 manu,

1 1889 2 1899 .
135 1849 175 1908 ita
191 1864 255 1906 cum
268 1863 372 1922 magna
390 1846 527 1906 stultitiae
542 1853 572 1905 et
589 1845 727 1904 saevitiae
743 1843 971 1922 exprobratione
987 1843 1095 1903 iecisse
1109 1841 1139 1899 in

0 1935 1 1938 ’
99 1932 242 1992 noiaciem
259 1931 337 2005 eius,
357 1939 386 1990 ut
400 1947 505 2006 genam
520 1946 577 1988 non
594 1929 698 1988 leviter
713 1927 925 2007 perstrinxerit.

200 2013 333 2076 Gessitet
344 2029 509 2088 censuram,
521 2012 711 2072 intermissam
721 2013 768 2072 diu
780 2019 848 2090 post
858 2011 995 2072 Plancum
1005 2007 1136 2070 Paulum·
1148 2014 1181 2070 16

137 2117 194 2180 que
216 2115 371 2166 censorem
399 2095 451 2156 sed
471 2095 545 2157 banc
566 2111 684 2175 quoqne
710 2093 930 2174 inaequabiliter
948 2095 1088 2172 varioque
1110 2099 1140 2150 et

137 2185 231 2244 aniano
247 2190 276 2243 et
291 2189 406 2241 eventu.
440 2181 655 2257 Recognitione
671 2181 796 2258 equitnm
812 2181 945 2240 invenem
960 2176 1061 2257 probri
1076 2175 1138 2255 ple-

136 2285 220 2342 num,
240 2264 300 2325 ¹sed
318 2282 411 2344 quem
432 2271 515 2342 pater
536 2263 768 2343 probatissimum
791 2262 847 2322 sibi
869 2261 1046 2335 ailirmabat,
1076 2261 1138 2318 sine

1 2345 2 2368 ³
98 2371 127 2411 as
137 2350 294 2430 ignominia
305 2347 425 2424 dimisit,
440 2347 555 2408 laudere
566 2347 665 2408 dicens
681 2365 838 2409 censorem
848 2365 957 2417 aarum
974 2345 1059 2406 aliurn
1075 2361 1139 2402 cor·

136 2434 258 2514 ruptelis
282 2433 489 2511 adulteriisque
513 2432 653 2492 famosum
673 2431 742 2490 nibil
765 2431 887 2510 amplius
910 2447 994 2509 quarn
1020 2427 1139 2500 monuit,

135 2527 171 2580 ot
187 2524 242 2578 oct
251 2518 386 2594 peruios
400 2515 558 2576 aetatulae
574 2514 747 2594 indulperct
761 2522 816 2575 out
829 2521 911 2575 certe
926 2512 1069 2580 οιιιιιιίιι,1
1091 2509 1139 2568 ad·

137 2603 281 2680 diditque:
306 2598 412 2674 Quare
427 2600 504 2660 enim
520 2618 576 2678 eqo
591 2599 672 2672 scr'o,
689 2614 781 2676 quant
796 2597 928 2659 amicam
942 2595 1083 2657 babeas?
1102 2591 1140 2652 Et

138 2704 219 2764 cum,
246 2687 393 2746 orantibus
415 2683 617 2759 familiaribus,
647 2681 820 2760 dempsisset
846 2681 957 2742 cuidam
978 2679 1140 2758 appositam

1 2843 2 2848 γ
99 2787 127 2830 ao
137 2779 250 2846 notam,
263 2767 375 2831 Litore
386 2776 501 2843 tumen,
515 2769 619 2844 inquit,
637 2768 736 2826 certet!
748 2765 936 2844 Splendidam
947 2766 1038 2824 virum
1051 2763 1139 2824 (irae-

1 2855 2 2862 ’
138 2857 261 2933 ciaeqne
281 2855 449 2932 provinciae
471 2853 647 2930 principem,
672 2867 772 2908 verum
793 2849 885 2911 Latini
901 2851 1042 2909 sermonis
1059 2849 1139 2925 igna-

136 2957 215 3014 rum,
240 2955 297 2997 non
318 2937 405 2996 modo
427 2935 494 2996 albo
517 2933 642 2993 iudicum
664 2934 765 3010 erasit,
789 2933 884 2994 sedin
904 2934 1140 3013 peregrinitatem

136 3023 263 3100 redegit.
282 3020 346 3080 Nec
363 3036 532 3099 quemquam
547 3019 600 3097 nisi
616 3036 667 3078 sua
681 3034 765 3094 voce,
780 3026 933 3096 utcumque
947 3019 1012 3097 quis
1027 3022 1140 3094 posset,

1 3155 2 3163 ,
137 3125 173 3169 ac
189 3108 250 3167 sinc
268 3115 390 3184 patrono
409 3105 550 3164 rationem
572 3104 648 3161 vitae
664 3119 767 3180 passus
790 3111 835 3162 est
855 3100 990 3162 reddere.
1012 3101 1141 3162 Notavit-

1 3203 2 3207 ’
98 3211 129 3252 as
139 3209 197 3269 que
212 3189 333 3264 multos,
350 3198 379 3248 et
394 3187 533 3267 quosdam
546 3186 719 3265 inopinantis
734 3194 764 3244 et
780 3203 817 3246 en
829 3204 916 3254 causa
929 3187 997 3244 nori
1010 3185 1140 3262 generis,

139 3274 218 3352 quod
233 3292 266 3332 se
282 3274 375 3332 inscio
390 3289 425 3333 ac
443 3274 504 3330 sine
527 3279 687 3330 commeatu
710 3269 793 3331 ltalia
812 3270 1024 3338 excessissent;
1053 3285 1141 3347 quen·

51 3366 55 3368 ’
139 3359 204 3418 dam
219 3375 292 3418 vero
309 3364 338 3415 et
349 3354 431 3434 ‘quod
446 3372 545 3415 comes
559 3355 639 3431 regis
654 3355 683 3414 in
699 3355 849 3433 provincia
862 3353 982 3428 inisset,
997 3351 1141 3427 relerens,

1 3445 2 3454 ’
139 3443 278 3502 maiorum
294 3439 472 3519 temporibus
491 3439 611 3499 Rabirio
627 3438 781 3515 Postumo,
804 3431 1001 3498 Ptolemaeum
1014 3436 1143 3496 Alexan·
