2416 3876
203 153 487 218 omssanuuortum
499 155 681 210 suesorum
703 156 904 218 aanroumm.
991 144 1055 206 att

51 311 79 370 in
102 308 215 377 Etruria
240 308 412 380 consedisse
433 309 566 370 Timaeus
594 311 686 372 refert
709 311 783 374 duce
807 311 974 389 Tyrrheno,
1006 315 1052 392 qut

51 394 117 457 iatri
132 410 186 461 suo
201 402 333 454 cesserat
352 395 436 472 regni
452 397 649 455 contentione.
692 395 783 474 Igitur
804 397 834 456 in
849 395 964 458 Etruria
979 397 1055 458 inter

52 487 169 540 ceteros
189 479 269 546 ritus,
285 477 521 556 superstitionum
542 497 655 540 suarum
670 480 840 559 spectacula
856 497 972 560 quoque
986 480 1054 542 reli-

50 561 146 639 gionis
174 562 293 630 nomine
310 562 474 634 instituunt;
502 561 568 623 inde
592 564 713 626 Romani
741 565 900 626 arcessitos
929 566 1054 626 artifices

4 723 5 726 Ἴ
27 653 226 723 smutuantnr,
244 654 374 724 tempus,
393 649 633 725 enuntiationem,
656 658 685 708 ut
700 648 760 709 ludi
776 667 792 710 a
808 649 893 724 Lydis
912 667 1053 710 uocaren-

4 759 5 792 1
50 740 144 790 tur.
161 727 285 798 Cum
300 731 465 808 promiscue
481 729 541 792 ludi
554 731 697 792 liberalia
715 741 898 810 vocarentur,
913 734 1054 794 honorem

4 821 5 830 ³
47 814 144 875 Liberi
158 774 250 894 patris
260 813 574 886 manifestesonaltaut;
589 815 695 886 Libero
711 820 784 876 enim
798 836 815 878 a
831 819 945 878 rusticis
960 818 1052 896 primo

50 898 156 959 fiebant
171 897 209 965 ob
220 898 406 974 heneficium,
423 899 500 978 quod
516 918 542 960 er
536 899 731 976 adscribunt,
754 902 948 978 demonstrata
959 905 1052 980 gratia

48 984 117 1047 viui
153 981 268 1049 Exinde
280 981 345 1042 ludi
355 980 512 1052 Consualia
524 981 609 1062 dicti,
623 987 671 1063 qui
686 986 733 1045 ini
739 987 767 1046 io
782 973 946 1066 Neptunum
958 986 1052 1047 lrono-

14 1066 164 1133 rorabant:
185 1067 307 1134 eundem
328 1069 403 1134 enim
422 1077 452 1129 et
470 1065 597 1128 Consum
611 1069 764 1134 vocabant.
791 1069 917 1132 ·Delrinc
935 1069 1054 1150 liquiria

46 1150 1060 1318 tttttttttt:ttetntutjustitient,

46 1324 109 1384 eius
130 1322 253 1386 retituet
266 1341 325 1402 quo
340 1332 408 1388 tuuc
422 1322 592 1394 Sabinarum
606 1325 749 1402 virginum
772 1325 904 1402 rapinam
920 1319 1073 1382 militibus·

46 1408 107 1469 suis
121 1407 152 1466 io
173 1408 354 1470 matrimonia
368 1407 571 1486 excogitauit.
587 1452 616 1467 ..
640 1417 669 1468 et
685 1426 761 1468 nunc
779 1426 829 1468 ara
846 1405 945 1468 Conso
969 1406 1010 1465 illi
1031 1407 1064 1464 in

4 1505 35 1545 rs
50 1493 130 1551 circo
146 1490 265 1555 defossa
282 1501 331 1552 est
347 1491 383 1553 ad
399 1493 506 1571 primas
521 1501 614 1552 metas
630 1492 772 1552 subterra
789 1509 853 1552 cum
867 1491 1061 1569 inscriptione

46 1575 130 1635 huius
153 1575 245 1638 modi:
276 1573 401 1639 Correus
419 1576 567 1653 canutio,
591 1573 681 1638 Mars
703 1576 823 1653 duello,
845 1572 947 1635 Lares
967 1573 1060 1636 coillo

42 1664 224 1806 ttt'tu
239 1657 1059 1824 tttttttttltttmlt‘tlllttttlttttt

123 1789 133 1822 ,
295 1790 301 1803 .
1051 1786 1059 1799 .

45 1828 160 1888 Dehinc
172 1827 252 1890 idem
262 1828 401 1891 Romulus
416 1829 480 1899 lovi
494 1829 627 1890 Feretrio
644 1829 731 1889 ludos
746 1829 866 1890 instituit
882 1830 911 1887 in
920 1827 1059 1906 Tarpeio,

10 1929 123 1990 roquos
138 1911 281 1992 Tarpeios
304 1913 398 1974 dictos
416 1923 445 1973 et
467 1912 649 1993 Capitolinos
664 1914 731 1984 Pisp
750 1913 846 1974 tradit.
890 1911 962 1973 Post
983 1911 1060 1970 hunc

44 1995 139 2056 Numa
160 1995 319 2076 Pompilius
341 1998 425 2058 Marti
446 2008 475 2058 et
493 1998 631 2074 Robigini
652 1999 738 2075 fecit,
762 2000 850 2078 (nam
866 2006 895 2056 et
915 1994 1060 2072 robiginis

46 2081 130 2142 deam
151 2080 316 2162 linxerunt)
337 2082 443 2143 dehinc
457 2082 557 2146 'l'ullus
575 2081 733 2158 Hostilius,
752 2081 858 2142 dehinc
867 2081 969 2142 Ancus
983 2078 1058 2140 lilar-

47 2167 110 2226 cius
134 2173 164 2226 et
183 2167 275 2226 ceteri
296 2183 414 2246 quoque
431 2184 484 2245 per
505 2166 645 2228 ordinem.
689 2165 728 2226 Et
745 2165 848 2244 quibus
868 2164 955 2226 irlolis
973 2163 1060 2224 ludos

45 2249 236 2328 instituerint,
259 2251 385 2329 positum
401 2259 445 2310 est
460 2250 538 2330 apud
553 2251 722 2312 Suetonium
737 2249 953 2328 Tranquillum,
978 2247 1026 2308 vel
1042 2266 1061 2308 a

5 2333 151 2412 atquibus
180 2333 367 2414 Tranquillus
393 2337 518 2414 aceepit
567 2333 776 2399 Tertullianus
804 2333 843 2394 de
867 2331 1060 2412 spectaculis

45 2435 118 2479 ca.
143 2428 171 2478 5.

83 2437 310 2601 ρἈιναάριαμ
326 2491 547 2603 .Νονμᾶς,’
531 2501 704 2602 erepcione
710 2491 868 2580 βασιλεῦς
882 2521 964 2581 μετα
978 2489 1059 2563 ε--Ρα
1096 2520 1098 2524 ’

44 2577 158 2666 potor
170 2575 344 2681 ‘Pmptatprv
357 2581 522 2666 γεγονώς,
549 2605 614 2650 arto
628 2579 769 2684 σιδήρου
786 2580 843 2658 καὶ
855 2581 984 2684 χαλκοιξ
996 2603 1059 2645 ars-

45 2665 213 2751 παιημένα
216 2667 364 2767 πρῶτος
380 2666 560 2771 ἑχαρίσανο
586 2665 681 2773 [yoyy
682 2667 793 2750 sciptor
826 2653 963 2768 ἔδωκεν]
975 2657 1058 2730 Ῥω-

4 2769 34 2812 so
43 2755 168 2836 μαίοις,
184 2751 251 2854 cpio
266 2742 331 2834 πρὸ
346 2743 453 2816 αὐτοῦ
469 2747 606 2817 πάντων
616 2691 681 2817 δια
686 2752 855 2820 σκυτίνων
866 2742 950 2816 καῖ’
934 2767 1057 2858 opopu-

44 2837 154 2916 κίνων
167 2828 238 2940 τὴν
256 2837 371 2920 χρείαν
391 2831 665 2938 πληρούντων,’
650 2833 744 2939 οἱπερ
753 2828 928 2918 ὠνόμασεν
943 2834 980 2900 ἐκ
995 2833 1057 2899 τοῦ

45 2912 175 2985 ἰδίον’
156 2917 321 3024 ονόματος
334 2941 474 3003 νονμια,
498 2913 542 2996 ὥς
564 2935 647 3004 φησι
675 2914 899 3006 Τράγκνλλος.
938 2922 1057 2984 Susidas

43 3025 71 3068 e
99 3025 128 3068 o.
155 2996 308 3090 concipio.
353 3005 490 3070 Ioannes
504 3006 760 3087 Antioclcnnep.
785 3017 844 3068 553
866 3009 914 3069 ed.
931 3006 1055 3068 Mtttler.

44 3089 235 3154 Gluronr'oum
246 3091 403 3172 paschale
414 3092 705 3171 Aturamtrtaump.
722 3100 778 3154 218
792 3091 893 3156 Boon
928 3089 1055 3170 Syriaci·

4 3176 96 3238 retur
110 3175 130 3237 Ι
138 3195 172 3255 p.
192 3185 249 3240 398
262 3175 362 3239 Bonn.
408 3175 567 3240 Cedrcnns
581 3175 601 3236 1
613 3197 645 3256 p.
663 3187 721 3240 260
734 3175 834 3238 Boon.
878 3173 1057 3254 Anonpmus

44 3258 206 3341 Scaliperr'
218 3279 252 3340 p.
275 3269 325 3322 54.
371 3260 637 3342 Otronoproptns
653 3260 913 3327 liorem-ceniarum
932 3277 964 3338 p.
982 3268 1055 3320 645.

111 3344 199 3426 Apud
220 3347 347 3406 maiores
362 3345 467 3406 theatri
482 3347 591 3424 gradus
611 3355 717 3407 tautum
732 3346 860 3419 luerput;
883 3363 947 3405 nam
966 3361 1055 3404 scena

45 3429 85 3490 te
105 3430 187 3508 ligno
205 3437 312 3491 tantum
327 3429 364 3492 ael
379 3437 493 3510 tempus
511 3431 612 3492 treton.
639 3428 713 3490 unde
733 3428 879 3507 hodieque
897 3429 1057 3509 permansit
