2416 3876
79 191 139 253 308
348 203 379 252 c.
402 203 566 254 sennenn
589 204 803 263 uuunournnr

139 355 235 438 Lupus
257 369 286 420 et
307 361 391 438 lepus
410 357 534 420 similem
555 357 662 420 liabent
682 375 801 435 rocem,
823 375 880 418 non
897 358 1021 419 similem
1036 359 1088 420 de·

78 442 273 512 minationem:
292 445 362 505 facit
376 447 452 505 eninr
467 444 551 523 lepus
568 441 648 522 poris
670 450 700 501 et
714 442 800 520 lupus
815 444 853 521 pi.
1035 456 1041 464 ·

139 525 287 606 Expertus
317 538 346 588 ει
368 529 577 608 experrectus]
601 536 740 606 expertus
763 528 791 585 in
812 545 845 587 re
862 525 959 604 aliqua
983 526 1034 587 vel
1056 528 1086 587 in

76 613 207 692 negotio,
222 621 413 692 experrectus
432 630 448 673 a
464 629 565 672 somno
581 621 610 672 ει
618 612 731 690 quiete;
748 611 788 670 ita
796 609 874 686 illud
890 611 1013 670 astutiae
1028 621 1086 688 est,

30 697 32 702 ‘
76 695 134 755 hoc
149 697 280 757 inertiae.
828 767 832 772 Δ
1098 713 1111 752 a

139 779 244 858 Spolia,
255 789 284 840 et
301 780 423 840 exuviae
439 779 507 858 quid
523 777 675 857 differunt]
708 778 804 856 spolia
826 779 917 837 saucii
941 777 1086 856 gladiato·
1143 803 1153 816 ·

76 866 115 922 ris
137 873 167 922 et
187 865 257 924 victi
281 881 350 924 esse
371 863 518 940 dicuntur,
546 864 670 923 exuviae
690 863 719 921 in
738 861 819 922 bello
840 861 986 922 interfecti
1002 861 1087 923 ducis

76 950 266 1008 nominantur.
284 946 286 951 ’

141 1030 241 1093 Certat
255 1040 285 1093 et
301 1032 446 1111 certatur]
477 1039 606 1092 certatur
623 1029 745 1092 verbum
762 1040 807 1091 est
822 1030 1002 1107 nominandi,
1020 1049 1087 1090 curn
1157 1026 1160 1032 ’

76 1115 180 1196 aliquis
195 1119 224 1177 iu
234 1115 300 1176 foro
316 1126 363 1177 aut
377 1119 406 1177 in
423 1116 643 1185 lococertatur;
657 1124 749 1176 certat
764 1125 857 1176 autem
871 1115 921 1176 ille
939 1132 1003 1176 cum
1019 1115 1087 1178 illo.
1098 1139 1126 1180 m

140 1201 171 1259 Si
187 1217 309 1260 aeneum
324 1209 421 1278 esset,
438 1218 490 1262 aes
506 1201 588 1261 aenis
602 1200 687 1260 lieret
701 1200 830 1276 genitivo
851 1217 935 1268 casu;
951 1217 1088 1260 cumaea

76 1285 154 1346 aeris
168 1283 271 1359 faciat,
289 1301 407 1344 aereum
423 1284 554 1361 dicimus,
570 1293 601 1345 ut
613 1285 677 1363 ipse
693 1283 834 1361 Virgilius
853 1283 906 1342 ait:
922 1299 1088 1364 nexaeque

32 1365 36 1372 '
76 1366 158 1430 Aere
179 1366 302 1448 trades,
321 1377 350 1430 et
370 1368 421 1428 ille
444 1369 549 1429 artilex
575 1368 705 1428 aerarius
727 1367 847 1445 dicitur,
865 1383 924 1426 non
939 1369 1084 1428 aenesius.

137 1451 246 1513 Neutra
262 1469 461 1533 quaecumque
477 1452 582 1531 plurali
597 1467 716 1511 numero
733 1451 761 1510 in
776 1451 804 1512 ia
826 1459 933 1513 exeunt
947 1468 1016 1512 casu
1031 1469 1086 1512 no·

76 1538 231 1614 minativo,
257 1555 292 1596 ea
313 1538 451 1613 genetivo
472 1554 541 1596 casu
562 1537 591 1596 in
606 1537 663 1596 ium
678 1535 827 1611 dicuntur,
843 1543 988 1614 tamquam
1003 1535 1085 1595 doci·
1098 1557 1128 1598 15

60 1620 114 1680 *lia
129 1619 227 1682 facilia
249 1619 335 1698 agilia
359 1619 503 1695 forensia,
530 1618 600 1680 facit
615 1619 689 1679 enim
703 1618 858 1696 singularis
874 1635 1009 1677 numerus
1026 1619 1088 1678 hoc

76 1703 195 1764 forense
216 1713 245 1764 ει
268 1704 375 1765 docile.
411 1703 483 1764 ltem
505 1721 569 1764 cum
585 1703 693 1764 docilia
714 1702 845 1780 genitivo
863 1719 932 1762 casn
947 1702 1089 1772 docilium

76 1789 163 1848 faciat
186 1789 302 1866 agilium
323 1797 352 1848 et
374 1788 517 1864 facilium,
546 1788 667 1848 dicimus
688 1787 847 1847 forensium
867 1803 924 1846 non
939 1785 1087 1846 forensio-

76 1891 153 1940 rum;
170 1871 209 1932 ita
226 1872 323 1932 dativo
343 1882 372 1932 et
388 1870 516 1933 ablativo
534 1889 603 1934 casu
620 1871 651 1930 lit
667 1869 834 1931 forensibus
856 1869 983 1947 agilibus
999 1879 1029 1930 et
1043 1869 1088 1930 fa·

78 1955 190 2016 ollibus.
1098 1982 1128 2022 ²0

138 2039 267 2100 Amictus
289 2047 335 2100 est
350 2040 395 2100 rei
410 2057 485 2119 quae
500 2041 632 2102 amicitur
650 2056 766 2118 nomen,
791 2039 913 2102 amictus
929 2046 1014 2100 veste
1028 2037 1088 2100 cir-

1 2164 3 2168 ·
77 2122 235 2182 cumdatns.

138 2205 218 2266 Inter
240 2206 343 2267 annale
365 2214 395 2266 et
415 2224 537 2268 annuum
559 2216 590 2266 et
612 2208 791 2288 anniculum}
816 2209 927 2270 annalis
948 2208 1023 2268 liber
1039 2217 1089 2268 est

77 2290 125 2368 qui
146 2306 239 2350 annua
258 2299 323 2350 acta
347 2293 491 2368 continet,
518 2309 627 2352 annuus
647 2291 757 2352 fructus
783 2293 832 2370 qui
852 2309 906 2354 suo
922 2292 996 2352 redit
1012 2302 1087 2352 tem·

76 2390 165 2452 pore,
188 2374 337 2435 anniculus
352 2383 451 2454 potest
468 2375 524 2436 dici
538 2375 632 2436 infans
648 2375 697 2436 vel
711 2375 788 2436 aliud
801 2376 914 2437 animal.
1098 2404 1129 2446 25

138 2457 217 2518 Inter
237 2459 372 2518 mendum
392 2468 421 2520 et
441 2459 638 2540 mendacium]
666 2458 799 2520 mendum
823 2469 869 2520 est
888 2459 1031 2540 scripto*
1056 2470 1089 2520 et

77 2560 93 2602 a
107 2552 233 2604 mentum
247 2551 373 2604 mentun.
899 2601 902 2606 .

139 2625 219 2686 lnter
236 2635 284 2687 aut
299 2636 328 2687 et
345 2627 412 2708 vel]
436 2635 484 2688 aut
497 2627 683 2688 necessitatis
699 2636 761 2704 est,
780 2627 830 2686 vel
846 2627 1013 2690 voluntatis.

139 2708 219 2770 lnter
239 2728 490 2790 supervacaneum
507 2720 536 2770 et
551 2710 781 2790 supervacuum]
812 2727 1012 2790 supervacuus
1035 2729 1089 2771 cu·

75 2795 120 2852 ins
136 2812 205 2854 usus
220 2796 249 2853 in
265 2796 412 2873 praesenti
425 2794 533 2855 inutilis
548 2803 609 2872 est,
626 2796 812 2855 necessarius
835 2803 931 2855 autem
955 2795 1069 2856 futurus
1079 2819 1086 2864 ;
1098 2819 1130 2861 30

77 2894 312 2955 supervacaneus
328 2888 374 2940 est
392 2879 473 2939 cuius
488 2896 557 2938 usus
570 2879 646 2940 omni
662 2889 795 2957 tempore
810 2895 1011 2958 supervacuus
1028 2889 1087 2940 est.

138 2959 217 3038 Erga
238 2979 284 3021 me
308 2970 337 3021 et
359 2961 501 3024 adversus
524 2979 571 3022 ma
585 2962 643 3023 lroc
658 2962 771 3039 differt,
790 2962 868 3042 quod
882 2962 1005 3026 alterum
1021 2963 1089 3042 pie·

76 3045 142 3105 tatis
158 3055 203 3104 est
218 3053 247 3104 ει
261 3044 496 3121 benivolentiae,
511 3045 634 3106 alterum
649 3047 852 3107 contentionis.
918 3083 931 3098 ι

139 3127 218 3189 Inter
241 3127 395 3192 barbarum
420 3139 449 3189 et
472 3128 668 3210 barbaricum]
699 3129 854 3192 barbarum
883 3138 929 3189 est
954 3129 1088 3192 moribus

76 3212 125 3271 vel
153 3229 306 3292 sermone,
335 3212 518 3274 barbaricum
545 3216 645 3293 operis
675 3215 920 3276 demonstratione
941 3214 1011 3276 facit
1034 3212 1130 3280 relos

75 3303 195 3366 textum.
702 3328 705 3333 ·

135 3378 278 3456 specular
298 3397 334 3439 an
355 3380 530 3461 speculare]
561 3379 662 3442 Omnia
684 3391 786 3442 neutra
807 3399 884 3462 quaa
906 3381 1014 3462 plurali
1034 3401 1089 3444 nu·

75 3475 157 3518 mero
177 3477 233 3538 per
253 3461 279 3521 ia
297 3465 442 3524 enuntiata
455 3463 577 3541 fuerint,
606 3463 721 3526 curn-ad
742 3465 918 3542 singularem
939 3484 1092 3530 numerum
