2444 3872
523 211 552 260 c.
577 211 763 262 erumnas.
1083 201 1144 262 125

145 371 318 443 tempestate
345 362 473 441 turbida,
511 383 567 443 quo
595 367 686 445 magis
713 369 807 447 pictas
837 366 992 446 emineret,
1018 368 1144 448 adiitque

145 445 366 508 venerabundus
385 464 421 508 ac
448 465 502 526 per
522 460 614 510 semet
638 453 668 510 in
688 469 775 512 urnas
797 449 939 520 condidit;
958 469 1014 512 nec
1034 454 1145 512 minore

144 548 253 593 scaena
272 528 394 606 Ostiam,
415 531 545 609 praelixo
565 535 594 592 in
615 533 733 594 biremis
754 552 852 614 puppe
872 534 997 613 vexillo,
1024 545 1055 596 et
1078 534 1146 596 inde

143 616 265 677 Romam
294 612 393 676 Tiberi
426 614 599 693 subvectos,
635 636 689 697 per
714 617 973 698 splendidissimum
1002 636 1145 699 quemque

116 699 289 778 sequestris
319 697 426 758 ordinis
451 697 546 759 medio
571 717 607 760 ac
636 700 779 779 frequenti
808 701 855 762 die
886 701 996 762 duobus
1025 702 1145 762 lercnlis

143 781 295 843 blausoleo
318 781 426 858 intulit,
449 782 623 862 inferiaeque
637 786 673 862 je
690 801 782 845 annua
802 784 946 862 religione
965 784 1083 866 publice
1103 787 1144 844 iu·

145 865 249 941 stituit,
269 873 299 924 et
320 881 358 926 eo
373 865 495 944 amplius
513 869 597 926 matri
620 866 775 928 Circenses
794 877 1018 948 carpentumque
1037 887 1093 948 quo
1115 870 1144 928 in

143 965 251 1028 pompa
281 947 494 1019 traduceretur;
527 958 557 1010 at
584 952 613 1010 in
634 954 800 1012 memoriam
826 953 916 1032 patris
945 952 1145 1032 Septembrem

143 1049 272 1094 mensem
294 1031 491 1094 Germanicum
509 1033 676 1112 appellavit.
707 1035 778 1095 Post
799 1035 873 1096 baec
889 1035 1034 1097 Antoniae
1049 1038 1143 1112 aviae,

108 1131 136 1174 ao
145 1114 281 1197 quidquid
296 1131 427 1194 umquam
442 1115 522 1178 Liria
538 1115 670 1195 Augusta
690 1118 830 1179 bouorurn
852 1122 995 1198 cepisset,
1018 1138 1075 1180 uno
1097 1138 1144 1182 se·

143 1209 227 1261 natus
248 1198 381 1260 consulto
399 1201 563 1278 congessit;
587 1209 716 1279 patruum
732 1200 891 1279 Claudium,
913 1203 1039 1282 equitem
1055 1204 1092 1264 ll.
1108 1203 1145 1263 ad

143 1283 173 1344 id
193 1292 322 1360 tempus,
345 1281 490 1361 collegam
515 1283 570 1344 sibi
598 1286 627 1343 in
653 1286 802 1347 consulatu
829 1290 997 1367 assumpsit;
1025 1286 1144 1348 iratrenr

143 1366 291 1430 'liberium
307 1365 354 1425 die
368 1366 459 1426 virilis
481 1375 569 1445 togae
589 1368 735 1448 adoptavit
750 1370 965 1450 appellavitque
980 1372 1143 1451 principem

143 1451 313 1519 iuventutis;
332 1449 368 1510 de
386 1450 538 1510 sororibus
559 1461 660 1513 auctor
671 1453 740 1530 luit,
762 1463 793 1513 ut
808 1453 939 1514 omnibus
956 1455 1144 1514 sacramentis

107 1554 134 1595 rs
143 1533 323 1614 adiceretur:
354 1549 452 1613 oeque
474 1552 523 1594 me
551 1533 725 1616 liberosque
748 1554 833 1598 mcor
859 1537 1000 1599 cariores
1022 1536 1144 1598 debebo

143 1634 237 1697 qaam
265 1613 377 1677 Gaium
402 1615 502 1679 babeo
531 1625 560 1678 et
581 1637 708 1681 sorores
739 1619 826 1692 eioe,·
860 1623 927 1681 item
956 1620 1144 1681 relationibus

144 1699 309 1760 consulum:
338 1700 422 1779 quod
450 1699 561 1762 bonnm
585 1701 724 1783 folioque
750 1703 792 1764 sit
814 1702 848 1764 0.
870 1703 1004 1766 Caesari
1024 1703 1140 1765 rorori-

143 1782 261 1862 bneque
280 1783 356 1844 eice.

206 1867 272 1928 Pari
293 1867 487 1946 popularitate
514 1869 661 1930 damnatos
688 1871 895 1951 relegatosque
920 1873 1058 1940 restituit;
1089 1871 1142 1930 cri·

1 1935 2 1966 ³
105 1951 259 2027 nominum,
274 1952 298 2009 si
314 1969 388 2030 quae
402 1951 517 2013 residua
532 1971 570 2012 eu
584 1955 682 2030 priore
697 1963 827 2033 tempore
842 1955 1002 2031 manebant,
1020 1955 1143 2014 omnium
1161 1975 1165 1986 ’

143 2033 373 2119 gldilfflblisti
395 2038 616 2096 commentarios
643 2037 678 2096 ad
702 2039 799 2098 matris
828 2039 1004 2118 fratrumque
1028 2055 1146 2118 suorum*

143 2135 248 2179 causas
268 2118 453 2196 pertinentis,
472 2137 508 2178 ue
529 2121 575 2179 cui
589 2119 771 2198 postmodum
785 2121 908 2183 delatori
928 2132 976 2182 aut
998 2122 1063 2181 testi
1085 2138 1142 2180 nra·

142 2210 228 2261 neret
242 2199 318 2260 ullus
340 2209 449 2278 metus,
473 2212 634 2266 convectos
655 2206 684 2263 in
701 2205 811 2282 iorum,
835 2215 864 2265 et
882 2215 948 2266 ante
966 2206 1045 2266 clare
1062 2204 1142 2265 obte-

143 2293 234 2344 status
258 2282 329 2343 deos
352 2303 448 2364 neque
469 2286 580 2364 legisse
606 2305 701 2366 neque
727 2289 859 2366 attigisse
879 2292 1046 2368 quicquam,
1074 2305 1142 2348 cou-

105 2367 296 2435 secremavit;
318 2367 447 2428 libellum
462 2368 498 2429 de
521 2370 613 2431 salute
631 2389 682 2431 sna
703 2371 828 2433 oblatum
850 2391 908 2432 nou
923 2375 1055 2451 recepit,
1074 2389 1142 2430 con·

1 2445 5 2450 ’
141 2450 280 2528 tendens,
301 2451 379 2511 otttt
391 2451 454 2514 cibi
473 2453 642 2514 admiserim
655 2473 721 2529 ,cur
745 2455 889 2535 creiqeom
911 2455 1031 2516 aeone
1051 2459 1141 2530 esset,

130 2535 316 2613 negauitque
343 2553 376 2595 se
400 2535 579 2598 delatoribus
600 2555 686 2597 aures
716 2538 833 2598 babere.
874 2538 1031 2599 Psintbrias
1061 2541 1184 2598 mon-16

142 2627 301 2679 strcsarum
317 2617 478 2697 libidinum,
496 2639 586 2698 aegre
602 2639 640 2680 ne
662 2620 806 2699 profundo
826 2631 972 2699 mergeret
992 2630 1140 2696 exoratus,

142 2701 215 2762 urbe
237 2701 389 2762 submovit.
428 2703 484 2765 'liti
503 2703 636 2780 labieni,
656 2702 906 2785 corripuerunt,
930 2704 1012 2766 Gaesi
1037 2706 1141 2765 Severi
1159 2711 1178 2742 ²·

107 2787 267 2864 coscripta,
287 2794 404 2846 senatus
430 2788 570 2847 consultis
596 2787 719 2864 abolita,
738 2791 846 2868 requiri
868 2799 897 2849 et
918 2807 985 2850 esse
1006 2783 1140 2849 iu'mani-

29 2908 33 2913 ,
142 2869 197 2928 bus
216 2866 398 2948 lectitarique
420 2871 565 2949 permisit,
594 2871 719 2950 quando
742 2873 876 2934 macinae
897 2890 958 2934 toa
981 2872 1143 2938 interesset

0 2970 1 2987 ¹
141 2958 176 3014 ut
195 2949 287 3032 facta
307 2969 446 3033 quaeque
469 2953 606 3033 porteris
630 2955 807 3016 deduntur.
852 2957 991 3018 Rationes
1017 2957 1149 3037 imperiis,

142 3035 179 3098 ab
195 3035 329 3114 Augusto
344 3039 472 3117 proponi
493 3039 594 3100 solitas
609 3047 654 3098 set
668 3057 684 3098 a
699 3038 816 3101 Tiberio
834 3041 1026 3118 intermissas,
1048 3038 1150 3119 publi-l

143 3121 230 3202 eavit.
263 3119 478 3198 blagistratibus
500 3121 620 3184 liberam
640 3124 708 3182 iuris
728 3123 881 3184 dictionem
902 3133 931 3184 et
949 3127 1010 3184 sine
1033 3125 1076 3184 sui
1091 3141 1140 3200 ap·

107 3201 302 3282 appellatione
330 3206 485 3266 concessit.
524 3204 645 3284 Equites
669 3207 705 3268 R.
732 3225 837 3268 severe
870 3210 1057 3285 curioseque,
1085 3223 1141 3264 nec

145 3289 206 3352 siat
222 3286 436 3365 moderatione,
455 3291 646 3366 recognovit,
672 3290 765 3369 palam
787 3291 921 3370 adempto
944 3288 1140 3368 equoquibus

144 3378 192 3430 aut
204 3369 306 3450 probri
322 3371 427 3452 aliquid
445 3381 492 3434 aut
510 3373 682 3450 ignominiae
702 3376 828 3450 inesset,
850 3390 949 3434 eorum
967 3375 1140 3452 qui-minore

145 3451 229 3533 culpa
251 3463 417 3516 tenerentur
439 3455 601 3517 nominibus
624 3456 710 3517 modo
730 3461 759 3517 in
775 3459 946 3518 recitatione
966 3457 1140 3536 praeteritis.
