2444 3872
103 199 163 264 148
207 211 238 260 o.
250 210 400 260 semrom
417 212 544 272 unane.
557 213 606 259 ou
621 212 704 259 vrrs
721 212 1036 261 consuescerem

100 369 148 447 pia
168 365 299 428 decrevit
321 374 350 424 et
372 364 532 427 Germanici
558 383 721 444 cognomen
744 367 800 446 ipsi
823 367 1009 446 posterisque
1032 369 1106 428 eius.

99 452 203 512 Fuisse
219 459 314 511 autem
330 448 455 510 creditur
470 466 527 509 nou
542 453 634 510 minus
650 450 775 526 gloriosi
790 468 875 528 quarn
894 449 987 510 civilis
1003 453 1105 522 animi;

99 555 164 596 narn
179 555 215 595 ex
231 535 316 595 hoste
331 551 420 612 super
442 535 581 594 victorias
602 536 697 612 opima
718 550 835 611 quoque
851 535 947 612 spolia
968 544 1106 614 captasse
1156 588 1157 592 ,

100 636 268 698 summoque
289 619 407 695 saepius
427 616 704 678 discrimineduces
727 616 933 679 Germanorum
957 625 1017 678 tota
1040 621 1106 678 acie

99 705 273 773 insectatum
305 719 361 760 neo
387 700 584 762 dissimulasse
609 719 741 778 umquam
772 701 922 780 pristinum
947 719 980 761 se
1006 704 1050 762 rei
1075 721 1131 782 ps

99 795 219 864 statum,
250 785 423 865 quandoque
454 795 572 864 posset,
604 785 810 845 restituturum.
854 785 939 848 Unde
969 789 1105 852 existimo

98 871 254 932 nonnullos
273 868 389 930 tradere
410 887 515 947 ausos,
546 878 713 948 suspectum
740 887 804 929 eum
828 869 962 948 Augusto
984 887 1105 931 revoca-

99 965 215 1034 tamque
236 973 275 1015 ex
295 955 447 1033 provincia
476 963 504 1013 et
526 955 593 1033 quia
615 962 815 1031 cunctaretur,
841 955 1033 1032 interceptum
1055 972 1105 1014 ve·

99 1055 185 1099 neno.
235 1037 319 1114 Quod
353 1037 484 1116 equidem
516 1038 609 1115 magis
638 1055 675 1097 ne
705 1039 967 1116 praetermitterem
985 1037 1103 1114 rettuli,

100 1140 184 1201 quarn
212 1124 277 1201 quia
309 1139 410 1181 verum
438 1129 485 1182 aut
510 1124 574 1181 veri
605 1122 698 1182 simile
726 1129 839 1200 putem,
866 1139 929 1181 cum
955 1119 1142 1199 Angustustt

98 1215 178 1266 tanto
196 1223 287 1284 opere
309 1213 338 1264 et
359 1207 455 1265 vivom
470 1203 619 1283 dilexerit,
649 1214 679 1264 ut
700 1203 877 1266 coheredem
897 1223 1014 1284 semper
1037 1206 1104 1265 liliis

98 1289 267 1364 instituerit,
297 1289 371 1348 sicut
393 1287 536 1366 quondam
558 1291 587 1348 in
610 1297 710 1348 senatu
733 1290 885 1370 professus
909 1298 970 1365 est,
1001 1297 1029 1348 et
1055 1288 1104 1348 de·

98 1375 225 1433 functum
246 1374 284 1433 ita
306 1389 359 1450 pro
382 1372 525 1432 concione
546 1371 723 1450 laudaverit,
757 1382 787 1432 ut
807 1373 879 1432 deos
896 1382 1034 1450 precatus
1057 1374 1104 1449 sit,

98 1457 214 1518 similes
229 1457 259 1517 ci
275 1454 431 1539 Caesares
457 1473 533 1518 euos
546 1455 705 1534 facereret,
729 1455 849 1534 sibique
863 1461 927 1516 tum
946 1455 1105 1517 honestum

99 1540 283 1620 quandoque
304 1541 418 1602 ercitum
435 1540 547 1600 dorent
563 1557 655 1620 quam
671 1540 719 1602 illi
736 1540 901 1600 dedissent.
947 1538 1011 1598 Nec
1036 1557 1103 1599 con·
1116 1560 1141 1600 rc
1220 1603 1221 1606 ,

97 1633 193 1685 tentus
224 1624 350 1702 elogium
378 1625 486 1684 tumulo
515 1628 577 1684 eius
605 1623 738 1684 versibus
766 1643 782 1685 a
808 1641 841 1684 se
867 1624 1038 1702 compositis
1065 1624 1104 1681 in·

98 1709 277 1786 sculpsisse,
305 1711 389 1768 etiam
405 1710 480 1770 vitae
496 1710 663 1768 memoriam
680 1725 767 1787 prosa
784 1709 915 1768 oratione
931 1709 1104 1786 composuit.

157 1793 204 1853 Er
220 1793 345 1853 Antonia
362 1794 473 1852 minore
496 1792 662 1871 complures
684 1791 798 1871 quidem
816 1791 927 1852 liberos
948 1792 1026 1867 tulit,
1055 1809 1104 1849 ve·

1 1876 3 1881 ’
38 1950 40 1953 .
98 1895 159 1936 rum
178 1887 239 1936 tres
260 1877 375 1937 omniuo
393 1877 527 1955 reliquit:
551 1876 761 1952 Germanicum,
786 1876 927 1952 bivillam,
945 1873 1104 1936 claudium.

64 1969 81 2022 2
162 1959 299 2021 Claudius
313 1969 397 2021 natus
413 1970 456 2021 est
470 1951 544 2022 lullo
562 1961 708 2038 Antonio,
738 1958 831 2020 Fabio
847 1959 987 2021 Africano
1006 1958 1102 2020 conss'.
1115 1980 1143 2020 ao

68 2103 69 2106 ,
97 2045 143 2106 lll.
165 2043 241 2120 Aug.
258 2043 423 2122 Luguduni,
458 2063 494 2104 eo
514 2046 579 2123 ipso
608 2045 654 2104 die
679 2061 739 2122 quo
767 2045 887 2122 primum
909 2043 1024 2120 arapibi
1046 2043 1104 2102 Au-

98 2137 184 2204 gusto
201 2127 334 2188 dedicata
358 2137 418 2205 est,
442 2129 665 2210 appellatasque
682 2128 816 2188 Tiberius
833 2125 970 2188 Claudius
984 2125 1104 2187 Drusus.

91 2211 165 2285 ,lilox
185 2211 275 2270 fratre
295 2213 405 2272 maiore
426 2213 454 2270 in
472 2213 573 2273 luliam
597 2212 734 2273 familiam
759 2210 913 2290 adoptato,
942 2209 1104 2271 Germanici

98 2310 263 2371 cognomen
278 2298 441 2373 assumpsit.
484 2295 582 2356 Infans
597 2305 691 2357 autem
707 2294 826 2356 relictus
843 2313 859 2354 a
874 2303 974 2373 patre,
1001 2311 1037 2353 ac
1051 2311 1105 2371 per

98 2395 182 2438 omne
199 2379 263 2439 fere
279 2380 421 2457 pueritiae
438 2387 524 2457 atque
541 2378 757 2440 adulescentiae
772 2388 886 2458 tempus
902 2380 989 2440 variis
1013 2385 1042 2436 et
1062 2385 1103 2436 te·
1114 2397 1142 2437 es

96 2461 216 2524 necibus
246 2461 355 2524 morbis
386 2462 567 2523 condictatus
594 2472 655 2540 est,
687 2463 761 2524 adeo
788 2472 818 2523 ut
844 2463 939 2522 animo
969 2460 1105 2520 simulet

97 2565 222 2627 corpore
239 2547 393 2623 hebetato,
423 2565 460 2606 ne
482 2564 642 2625 progressa
665 2546 780 2626 quidem
801 2553 898 2607 aetate
914 2545 965 2604 ulli
984 2543 1103 2624 publico

96 2633 274 2710 privatoque
297 2633 408 2691 muneri
429 2629 534 2690 babilis
561 2632 783 2692 existimaretur.
826 2628 883 2689 Diu
905 2637 991 2708 atque
1018 2629 1104 2688 etiam

96 2723 165 2793 post
180 2714 298 2774 tutelam
315 2723 465 2792 receptam
483 2713 570 2775 alieni
590 2714 699 2790 arbitrii
716 2724 745 2774 et
766 2713 819 2774 sub
837 2712 1014 2792 paedagogo
1034 2711 1102 2779 fuit;

97 2815 182 2874 quem
201 2795 355 2858 barbarum
376 2806 405 2857 et
427 2797 494 2858 olim
515 2799 801 2878 superiumentarium
823 2817 861 2858 ex
884 2796 1024 2857 industria
1048 2794 1142 2854 sibico

95 2882 274 2959 oppositum,
305 2889 336 2940 ut
350 2898 382 2940 se
400 2882 628 2961 quibuscumque
651 2881 687 2941 de
713 2884 808 2943 causis
832 2899 917 2959 quam
934 2879 1105 2941 saevissime

97 2972 268 3045 coerceret,
298 2966 363 3044 ipse
381 2967 504 3045 quodam
522 2966 624 3026 libello
641 2967 838 3044 conqueritur.
884 2963 928 3025 Ob
946 2963 1020 3024 hacc
1037 2980 1104 3022 ean·

96 3047 161 3108 dem
187 3046 372 3108 valitudinem
399 3058 427 3109 et
455 3049 628 3127 gladiatorio
655 3068 791 3126 munere,
823 3048 900 3127 quod
927 3046 1010 3108 simul
1040 3065 1105 3106 cum

95 3132 186 3192 fratre
200 3133 357 3196 memoriae
373 3133 463 3211 patris
485 3133 605 3210 edebat,
637 3133 804 3211 palliolatus
819 3149 897 3193 novo
920 3149 1003 3192 more
1019 3149 1105 3210 prae·

96 3215 185 3286 sedit;
205 3225 234 3276 et
250 3225 339 3294 togae
353 3217 445 3277 virilis
461 3216 507 3277 die
527 3218 604 3277 circa
620 3216 743 3276 mediam
757 3225 873 3277 noctem
889 3219 951 3277 sine
969 3213 1103 3274 sollemni
1113 3226 1141 3268 ea

62 3299 195 3361 tellicio
224 3300 330 3360 lectica
358 3300 387 3359 in
412 3298 586 3379 Capitolium
614 3300 689 3360 latus
715 3308 769 3362 est.
812 3299 982 3379 Disciplinis
1008 3306 1105 3357 tamen

96 3382 265 3443 liberalibus
288 3383 323 3444 ab
341 3392 437 3444 aetate
453 3384 544 3460 prima
570 3400 628 3442 non
644 3383 821 3445 mediocrem
837 3399 957 3464 operam
973 3381 1106 3448 deditae

96 3481 187 3544 saepe
218 3467 417 3545 experimenta
446 3467 584 3543 cuiusque
610 3467 696 3528 etiam
717 3465 885 3548 publicavit.
930 3467 1040 3548 Verum
1065 3483 1104 3524 ne
