2444 3872
477 165 507 215 c.
532 145 719 216 o'amouun.
813 133 817 144 ¹
980 155 1098 222 '143

94 318 274 398 peditionem'
289 317 405 382 assidue
432 322 575 398 gestavit,
598 322 738 383 interdum
763 332 793 383 et
815 323 914 401 blagni
937 322 1096 387 Alexandri

9 461 11 464 ,
94 403 244 464 thoracem
258 407 413 484 repetitum
427 423 443 464 e
460 405 622 466 conditorio
642 407 713 466 eius.

9 479 11 574 j
158 487 205 547 Ex
221 487 382 567 disciplinis
407 487 578 549 liberalibus
600 491 742 550 minimum
767 489 935 568 eruditioni,
957 492 1094 571 eloquen·
1104 503 1140 557 53

9 575 11 628 i
93 573 152 631 tiae
170 572 321 650 plurimum
347 571 483 650 attendit,
520 576 699 651 quantumvis
719 574 859 634 facundus
883 584 912 634 et
935 586 1095 656 promptus,

68 657 192 736 suffla
214 656 238 714 si
256 655 449 736 perorandum
471 657 500 715 in
521 656 646 736 aliquem
670 666 758 717 esset.
802 656 878 718 lrato
903 668 933 718 et
956 660 1046 720 verba
1066 670 1096 721 et

9 777 15 820 ς,
92 739 255 801 sententiae
276 739 483 819 suppetebant,
508 741 701 820 pronuntiatio
718 757 833 820 quoque
850 751 878 801 et
894 759 967 819 vor,
997 752 1027 803 ut
1045 760 1094 804 ne·

93 842 151 903 que
176 821 280 885 eodem
308 823 367 889 loci
392 841 463 904 prae
489 823 594 886 ardore
622 826 796 885 consisteret
824 832 853 885 et
874 827 1095 888 exaudiretura

92 906 197 989 procul
214 907 363 968 stantibus.
408 907 614 984 Perorsturus,
632 907 809 970 stricturam
823 927 858 970 se
871 908 1096 972 lucubrationis

9 987 10 1012 ³
91 1009 171 1052 succ
196 991 286 1053 telum
307 991 480 1062 minabatur;
517 991 610 1052 lenius
637 993 820 1070 comtiusque
835 992 980 1054 scribendi
1001 1011 1095 1071 genus

55 1094 82 1134 m
93 1075 168 1137 adeo
185 1082 391 1154 contemnens,
418 1083 450 1134 ut
463 1075 603 1136 Senecam
616 1083 674 1135 tum
696 1077 818 1136 maxime
834 1076 997 1157 placentem
1013 1095 1093 1138 ccm-

92 1158 257 1220 ms'ssr'oues
270 1176 375 1220 merus
393 1175 589 1237 componere,
618 1167 648 1218 et
664 1158 814 1221 buranam
834 1177 902 1221 esse
920 1161 987 1221 eme
1008 1161 1095 1222 cclcc

9 1277 11 1292 ›
93 1243 214 1304 diceret.
259 1241 380 1304 Solebat
401 1244 486 1304 etiam
506 1244 658 1322 prosperis
686 1251 832 1304 oratorum
860 1243 1021 1305 actionibus
1047 1263 1092 1304 re·

93 1325 225 1388 scribere
240 1335 270 1388 et
286 1344 455 1404 magnorum
474 1329 503 1386 iu
519 1334 620 1386 senatu
639 1344 755 1388 reomm
775 1329 975 1388 accusationes
994 1327 1092 1388 delen·

9 1415 10 1470 ἒ
93 1414 251 1491 sionesque
275 1411 404 1472 meditari
429 1429 481 1488 ac,
507 1418 594 1490 prout
621 1410 703 1470 stilus
728 1419 875 1488 cesserat,
901 1410 948 1471 vel
970 1428 1094 1472 onerare

55 1496 236 1556 rasentcntia
258 1513 309 1556 sua
325 1512 467 1575 quemque
487 1493 535 1553 vel
557 1493 726 1571 sublevare,
756 1495 882 1574 equestri
909 1511 1025 1574 quoque
1046 1511 1091 1554 or·

92 1581 159 1641 dine
174 1577 209 1639 ad
224 1578 392 1644 audiendum
407 1578 526 1639 invitato
541 1595 595 1656 per
611 1577 713 1637 edicta.
1110 1583 1111 1590 ’

9 1667 10 1732 3
157 1661 214 1722 Sed
230 1671 260 1723 et
275 1662 395 1724 aliorum
408 1679 548 1740 generum
562 1668 640 1722 artes
661 1659 870 1720 studiosissime
885 1667 915 1720 et
929 1660 1089 1722 diversissi·
1099 1669 1135 1724 tt

9 1743 13 1872 q
91 1766 153 1809 mas
169 1747 309 1808 exercuit.
355 1745 452 1807 Threx
467 1754 498 1806 et
511 1745 625 1822 auriga,
653 1743 729 1804 idem
744 1753 844 1804 cantor
861 1751 946 1824 atque
961 1744 1091 1822 saltator,

9 1873 10 1888 ι
92 1829 243 1892 battuebat
259 1831 438 1910 pugnatoriis
460 1829 561 1907 armis,
575 1852 579 1857 ·
592 1826 741 1905 aurigabat
763 1835 896 1888 extructo
916 1826 1091 1908 plurifariam

9 1901 11 1932 l
51 1918 191 1984 rccirco;
224 1912 344 1974 canendi
365 1931 400 1975 ac
421 1912 541 1974 saltandi
562 1912 710 1990 voluptate
728 1912 768 1972 ita
791 1909 980 1988 efferebatur,
1011 1919 1040 1970 ut
1055 1929 1091 1970 ne

9 2005 10 2040 ι
91 1998 219 2081 publicis
249 1997 362 2077 quidem
389 1996 564 2077 spectaculis
594 2003 769 2074 temperaret
797 2012 853 2074 quo
875 1997 966 2054 minus
986 2003 1017 2055 et
1036 2003 1091 2055 tra·

9 2067 11 2160 l
90 2081 192 2163 goede
220 2081 413 2162 pronuntianti
439 2081 622 2156 concineret,
651 2087 681 2138 et
703 2086 818 2157 gestum
841 2077 987 2139 histrionis
1011 2077 1092 2157 quasi

90 2166 212 2229 laudans
230 2165 279 2225 vel
301 2167 453 2244 corrigens
473 2164 568 2244 palam
588 2163 751 2240 effingeret.
795 2161 858 2223 Nec
873 2161 928 2222 alla
948 2161 985 2222 dc
1005 2178 1093 2223 causa

90 2251 207 2313 videtur
228 2266 266 2309 eo
287 2249 349 2328 die,
380 2263 437 2328 quo
460 2249 561 2329 periit,
592 2246 776 2326 pervigilium
795 2244 934 2306 indixisse
959 2262 1042 2324 quam
1061 2252 1092 2303 ut

51 2337 200 2407 ssinitium
220 2335 250 2393 in
270 2351 386 2394 scenam
406 2331 567 2414 prodeundi
588 2332 705 2392 licentia
729 2329 867 2409 temporis
884 2329 1091 2408 auspicaretur.

9 2417 10 2420 ’
91 2416 223 2482 Saltabat
243 2425 336 2478 antem
352 2434 562 2494 nonnumquam
583 2415 668 2476 etiarn
694 2421 796 2484 noctu;
820 2421 850 2473 et
872 2411 1012 2492 quondam
1032 2421 1091 2470 tres

91 2501 265 2566 consulares
291 2499 419 2562 secunda
433 2499 533 2578 uigilia
558 2501 587 2559 in
612 2498 749 2559 Palatium
774 2497 884 2556 accitos
900 2494 1045 2572 multaque
1063 2501 1093 2553 et

9 2621 12 2704 q
91 2597 224 2650 extrema
244 2586 396 2646 metuentis
419 2602 506 2664 super
533 2581 672 2662 pulpitum
699 2579 880 2655 conlocavit,
917 2576 1020 2638 deinde
1046 2595 1091 2636 re·

9 2705 11 2744 ,
91 2679 182 2752 pente
198 2687 302 2747 magno
319 2669 450 2731 tibiarum
465 2676 494 2727 et
513 2666 708 2728 scabellorum
726 2663 837 2743 crepitu
853 2680 916 2722 cum
930 2660 1007 2740 palla
1021 2661 1091 2720 tuni·

9 2747 11 2818 l
51 2772 186 2834 socaqne
207 2752 290 2814 talari
311 2753 444 2832 prosiluit
465 2768 500 2812 ao
520 2749 662 2812 desaltato
684 2749 796 2809 cantico
812 2747 888 2808 abiit.
932 2745 1028 2828 Atque
1046 2742 1092 2803 bic

90 2849 150 2901 tam
166 2836 268 2899 docilis
284 2835 320 2898 ad
334 2845 432 2898 cetera
446 2843 546 2896 natare
560 2833 671 2894 nesciit.

157 2923 284 2998 Quorum
299 2938 371 2982 vero
393 2919 487 2982 studio
504 2927 667 2994 teneretur,
697 2914 827 2976 omnibus
846 2914 883 2976 ad
901 2912 1038 2974 insaniam
1052 2910 1135 2980 ia·55

89 3009 143 3069 vit.
188 3005 364 3067 Mnesterem
383 3005 586 3085 pantomimum
603 3002 688 3063 etiarn
704 3001 780 3059 inter
795 2995 964 3078 spectacula
980 2993 1091 3056 oscula·

9 3121 10 3130 ι
88 3091 194 3168 batur,
223 3105 257 3150 ac
272 3091 295 3150 si
312 3090 359 3169 qui
381 3089 503 3150 saltante
518 3105 555 3148 eo
575 3085 623 3146 vel
640 3084 745 3145 leviter
761 3083 960 3162 obstreperet,
984 3077 1093 3138 detrabi

48 3167 77 3235 as'
89 3179 201 3236 iussum
215 3191 299 3234 manu
313 3191 364 3234 sua
374 3171 554 3252 flagellabat.
598 3168 696 3249 Equiti
715 3167 751 3229 R.
765 3165 941 3227 tumultuanti
958 3180 1012 3242 per
1027 3177 1093 3219 cen·

89 3260 236 3322 turionenn
253 3255 443 3335 denuntiavit,
474 3255 567 3317 abiret
587 3255 648 3316 sine
667 3269 748 3314 mora
764 3249 872 3312 Ostiam
891 3246 1094 3328 per-ferretque

90 3343 129 3418 ad
146 3341 342 3403 Ptolemaeum
356 3360 458 3420 regern
474 3343 502 3401 in
517 3339 712 3401 Mauritaniam
737 3333 889 3396 codicillos
904 3346 995 3424 suosq
1023 3341 1093 3423 quo·
1139 3360 1142 3365 ·

9 3457 12 3542 q
88 3443 155 3490 rum
173 3425 337 3505 exemplum
353 3434 431 3488 arat:
460 3419 794 3504 aequamentum,
811 3433 907 3497 neque
922 3411 995 3474 bour
1010 3424 1092 3491 quac·

9 3727 16 3844 l
