2444 3872
115 248 157 310 94
188 258 218 306 c.
234 257 383 307 sonuum
398 257 525 318 nunno.
541 251 589 306 ou
604 257 686 305 vrrs
703 257 887 307 consanum
902 259 971 307 mn.
985 259 1036 307 111.

115 413 233 495 peculio
244 408 370 472 referret
383 421 516 492 accepta.
536 411 614 472 Nihil
629 431 666 473 ex
680 431 717 473 eo
733 421 865 493 tempore
880 414 1118 492 praetermissum

117 507 163 558 est
177 497 213 557 ad
225 499 403 558 maiestatem
419 499 481 557 eius
498 496 668 574 augendam,
682 515 716 557 ae
731 497 820 557 multo
835 498 928 574 magis
942 505 1116 576 postquam,

116 582 250 661 Agrippa
265 579 399 642 abdicato
414 587 500 660 atque
516 583 660 668 seposito,
677 591 787 642 certum
801 587 875 657 orat,
891 581 939 640 uui
953 595 1036 660 sporn
1049 597 1116 641 suc·

73 675 107 730 16
116 665 259 727 cessionis
279 663 459 735 incumbere;
484 664 549 724 data
563 683 662 726 rursus
678 674 807 746 potestas
822 664 973 726 tribunicia
988 666 1016 724 in
1033 665 1116 742 quin·

114 750 284 830 quenuinm,
303 748 454 826 delegatus
472 748 619 829 pacandae
636 748 807 811 Germaniae
823 757 928 826 status,
944 748 1140 814 Parthorum

113 835 217 912 legati,
233 832 372 908 mandatis
388 831 522 910 Augusto
536 831 648 893 Romae
661 832 797 910 redditis,
820 849 884 892 eum
901 847 1018 912 quoquo
1032 831 1116 892 adiro

49 991 52 1000 ,
113 921 142 978 in
166 918 316 996 provincia
336 919 415 977 iussi.
447 915 506 977 Sed
527 919 651 978 nuntiata
671 916 781 992 lllyrici
802 916 982 993 deiectione,
1002 915 1118 977 transiit

55 1075 57 1077 Ι
114 1000 150 1062 ad
167 1019 263 1062 curam
279 1001 347 1061 novi
361 1000 447 1079 belli,
464 999 556 1079 quod,
570 1002 771 1079 gravissimum
787 1001 910 1062 omnium
928 1008 1115 1061 externorum

113 1085 258 1145 bellorum
274 1093 342 1164 post
356 1081 477 1161 Punica,
494 1101 547 1163 per
563 1085 724 1163 quindecim
740 1085 874 1162 legiones
890 1101 1048 1164 paremque
1063 1099 1114 1142 au·

113 1168 248 1228 xiliorum
263 1169 376 1248 copiam
391 1169 515 1227 triennio
530 1170 633 1246 gessit,
646 1171 675 1228 iu
685 1171 797 1246 maguis
814 1170 936 1229 omnium
950 1163 1153 1228 rerumdii·1o

114 1251 288 1314 siccitatibus
310 1269 477 1330 summaque
498 1251 613 1329 frugum
633 1253 740 1332 iuopia.
766 1252 805 1312 Et
822 1269 981 1334 quanquam
995 1251 1114 1331 saepius

114 1344 313 1411 revocaretur,
328 1343 423 1395 tamen
439 1337 650 1414 perseveravit,
665 1344 796 1398 metuens
808 1354 845 1396 ne
859 1338 970 1396 vicinus
984 1344 1015 1395 ot
1027 1349 1113 1414 prac-

114 1419 215 1479 valens
241 1417 332 1479 bostis
358 1419 478 1492 instaret
497 1418 572 1480 ultro
596 1419 773 1482 cedentibus.
806 1419 853 1480 Ac
869 1419 1115 1498 *perseuerantiae

53 1534 55 1538 ·
113 1503 223 1581 grande
236 1505 358 1582 pretium
372 1503 445 1582 tulit,
456 1511 519 1563 toto
531 1503 658 1583 Illyrico,
675 1504 753 1584 qnod
767 1506 843 1577 inter
853 1503 964 1565 ltaliam
977 1514 1112 1580 reguum·

114 1605 170 1665 que
184 1587 322 1648 Noricum
338 1596 367 1647 et
383 1585 534 1649 Thraciam
551 1597 580 1648 et
593 1588 791 1650 Macedoniarn
804 1589 937 1668 interque
951 1585 1113 1648 Danubium
1123 1601 1151 1646 to

113 1671 218 1734 llnmeu
234 1680 263 1731 et
278 1674 369 1731 sinum
383 1675 469 1732 maris
480 1671 637 1733 Hadriatici
648 1680 737 1753 patet,
754 1671 915 1753 perdomito
930 1681 961 1732 et
976 1670 1005 1731 in
1020 1669 1112 1731 dicio·

71 1759 177 1816 linem
199 1755 330 1817 redacto.
373 1753 425 1816 Gni
447 1755 559 1834 gloriae
580 1757 704 1836 amplior
722 1755 818 1822 adbuc
837 1773 875 1816 ex
896 1755 1114 1836 opportunitate

113 1841 241 1900 cumulus
261 1842 395 1900 accessit.
426 1837 499 1900 Nam
522 1839 575 1900 sub
596 1840 624 1900 id
638 1841 702 1901 lere
715 1851 828 1920 tempus
845 1839 998 1915 Quintilius
1016 1840 1113 1899 Vama

113 1943 176 1985 cum
196 1923 287 1984 tribus
304 1924 471 2002 legionibus
494 1927 523 1984 in
541 1923 692 1986 Germania
713 1926 815 2007 periit,
836 1926 950 1984 nemine
964 1921 1111 1983 dubitante

112 2011 180 2087 quin
200 2009 328 2070 victores
343 2008 475 2070 Germani
496 2009 618 2068 iuncturi
634 2027 667 2068 sa
683 2008 838 2068 Pannoniis
852 2008 971 2083 inerint,
991 2005 1046 2066 nisi
1061 2003 1148 2064 de·2o

111 2092 249 2152 bellatum
274 2093 354 2173 prins
377 2091 523 2167 illyricum
545 2098 644 2152 'esset'
669 2092 747 2167 Quas
772 2091 810 2154 ob
833 2109 882 2150 res
903 2087 1064 2168 triumphus
1083 2087 1113 2147 ei

112 2175 246 2236 decretus
272 2185 333 2253 est,
354 2176 490 2255 multique
506 2185 535 2236 et
548 2177 644 2254 magni
658 2175 795 2236 honores.
825 2173 1008 2236 (leuauerunt
1026 2173 1112 2232 etiam

113 2259 226 2340 quidam
245 2268 277 2319 ut
290 2258 486 2337 Pannonicus,
508 2259 556 2320 alii
575 2269 606 2320 ut
620 2258 763 2337 Invictus,
785 2259 914 2320 nonnulli
929 2267 960 2318 ut
976 2257 1044 2318 Plus
1062 2271 1110 2315 co·
1207 2315 1208 2320 ,

111 2345 334 2421 gnomiuaretur.
364 2343 423 2403 Sed
447 2342 482 2404 do
503 2345 676 2422 cognomine
696 2343 861 2404 intercessit
881 2342 1046 2420 Augustus,
1073 2355 1109 2399 eo

113 2436 278 2488 contentum
291 2428 511 2506 repromittens,
527 2428 602 2506 quod
618 2446 651 2488 se
665 2425 801 2488 defuncto
817 2435 1005 2506 suscepturus
1020 2430 1146 2484 assetus

112 2503 295 2591 Triumphum
315 2513 380 2591 ipse
398 2511 521 2590 distulit,
546 2520 656 2572 maesta
672 2513 788 2573 civitate
805 2511 888 2574 cludo
902 2512 1043 2578 Variaua;
1070 2508 1110 2566 ui·
1193 2531 1197 2540 ,

110 2596 170 2657 hilo
196 2598 287 2656 minus
308 2595 409 2656 urbem
429 2604 627 2673 praetextatus
648 2604 678 2656 et
698 2596 797 2656 laurea
817 2604 975 2656 coronatus
995 2593 1112 2654 intravit

112 2680 295 2758 positumque
316 2681 345 2740 iu
360 2680 475 2758 Saeptis
495 2679 631 2757 tribuual,
654 2689 756 2741 sonato
775 2687 905 2756 astante,
927 2675 1109 2752 conscendit,

110 2779 148 2822 ac
172 2760 283 2821 medius
307 2763 382 2821 iuter
408 2762 480 2823 duos
508 2763 644 2824 consules
669 2781 732 2824 cum
755 2763 888 2840 Augusto
911 2760 993 2822 simul
1018 2758 1108 2828 sedit;

111 2845 200 2920 unde,
216 2845 328 2923 populo
345 2845 535 2925 consalutato,
552 2848 659 2906 circum
674 2848 781 2926 templa
796 2846 936 2908 deductus
952 2854 1007 2906 est.
1117 2849 1145 2892 ⁸⁰

69 2936 104 2992 18
146 2959 148 2962 ·
176 2926 312 2987 Proximo
340 2943 414 2988 auno
436 2933 561 3008 repetita
582 2929 747 3009 Germania,
775 2947 838 2990 cum
868 2928 1111 2990 animadverteret

111 3010 265 3072 Varianam
287 3010 397 3071 cladem
421 3014 582 3074 temeritate
606 3023 634 3074 et
652 3015 842 3093 neglegentia
858 3013 940 3074 ducis
955 3009 1108 3088 accidisse,

110 3093 179 3154 nihil
202 3111 260 3154 nou
281 3093 317 3155 de
338 3095 452 3156 consilii
469 3098 610 3157 sententia
625 3098 700 3175 egit;
723 3114 840 3178 semper
855 3090 927 3158 alias
942 3097 986 3158 sui
1000 3095 1110 3156 arbitrii

112 3186 320 3258 contentusque
334 3197 369 3238 se
385 3197 459 3257 uuo,
481 3189 547 3241 tunc
565 3189 682 3260 praeter
698 3181 933 3242 consuetudinem
950 3197 1013 3240 cum
1030 3193 1108 3241 cour-
1163 3247 1165 3251 ,

111 3261 240 3340 pluribus
256 3261 292 3322 de
307 3263 420 3323 ratione
430 3263 501 3324 belli
514 3265 742 3326 communicarit.
768 3263 872 3327 Guram
888 3281 1005 3345 quoque
1020 3263 1144 3324 solitouo

112 3345 289 3406 exactiorem
304 3347 455 3427 praestitit.
482 3346 666 3410 Traiecturus
682 3347 829 3428 lllrenum,
847 3358 1035 3412 commeatum
1050 3363 1107 3408 om-

110 3443 176 3486 nem
200 3428 236 3489 ad
265 3439 374 3491 certam
398 3428 548 3492 lorrnulam
576 3431 740 3494 adstrictum
765 3451 823 3494 nnn
848 3443 914 3494 ante
942 3431 1107 3510 consuluit,

112 3526 195 3588 quarn
216 3515 379 3576 consistens
394 3513 470 3596 apud
484 3516 575 3596 ripam
593 3517 779 3596 explorasset
792 3517 990 3578 vehiculorum
1007 3533 1118 3596 onera,
