2438 3872
75 171 134 234 180
176 184 205 234 c.
220 184 368 233 susuonr
384 185 510 244 annno.
528 185 574 232 on
590 185 671 233 trun
691 184 873 233 consanum
891 185 959 232 crs.
974 185 1019 232 vu.

73 340 249 401 sissimorum
264 347 424 417 temporum
439 347 518 416 sunt,
541 339 609 416 cogi
623 340 652 398 in
670 357 754 399 unum
768 355 886 415 annuum,
903 337 1070 417 quibusdam

75 425 159 483 etiam
173 423 298 498 iteratis,
319 423 419 500 iussit,
435 433 464 482 et
481 421 632 501 Olympiae
649 439 764 502 quoque
783 430 900 502 praeter
918 431 1069 482 consuetu·

73 506 166 567 dinem
192 508 329 566 musicum
356 523 450 583 agona
482 507 633 566 commisit,
677 506 721 566 Αο
752 505 877 585 nequid
901 506 1071 568 circabaec

74 599 244 670 occupatum
259 599 397 650 avocaret
412 590 602 664 detineretve,
623 607 686 649 cum
700 592 865 669 praesentia
881 591 943 650 eius
954 589 1070 649 urbicas

73 693 121 734 res
136 692 227 752 egere
243 692 260 734 a
274 673 380 734 liberto
394 673 479 734 llelio
493 673 710 750 admoneretur,
729 675 881 752 rescripsit
894 673 938 732 bis
953 671 1051 733 uerbis
1062 689 1093 731 :⁵

22 821 24 826 ,
137 755 285 831 Quamvis
307 776 388 818 cunc
412 763 494 818 utum
515 757 675 818 concilium
696 758 738 818 sit
759 765 787 818 et
808 763 909 818 cotum
930 757 1071 818 celeriter

73 841 189 904 receati
201 860 258 916 me,
277 848 378 901 tomen
391 841 525 901 euadere
542 847 570 900 et
586 850 697 920 optare
712 840 817 918 potius
833 837 942 917 deltos,
961 847 996 900 et
1008 837 1068 900 Ne-

73 944 150 989 rone
165 925 276 1005 dionae
293 932 445 986 revertar.

51 1028 82 1086 ,e
137 1007 276 1070 Cantante
298 1025 344 1086 eo,
363 1028 399 1069 ne
414 1012 580 1070 necessaria
597 1008 708 1087 quidem
728 1026 813 1070 causa
830 1006 976 1068 excedere
993 1008 1070 1068 thea-

74 1105 119 1155 tro
135 1095 241 1153 licitum
257 1103 311 1153 est.
354 1092 455 1171 ltaque
473 1101 502 1151 et
519 1094 623 1152 enixae
639 1092 777 1171 quaedam
793 1093 822 1151 in
839 1091 1015 1170 spectaculis
1030 1092 1069 1150 di·
1082 1107 1107 1150 uo
1210 1100 1213 1111 ⁴

76 1187 186 1252 cuntur,
204 1184 233 1236 et
248 1177 327 1235 multi
346 1177 440 1236 taedio
458 1175 588 1236 audiendi
604 1175 803 1254 laudandique
821 1175 927 1252 clausis
948 1175 1070 1253 oppido-

74 1280 135 1321 rum
152 1262 253 1338 portis,
270 1268 317 1319 aut
331 1260 427 1319 iurtinr
442 1259 593 1320 desiluisse
610 1260 645 1319 de
660 1278 740 1319 muro
758 1267 805 1319 aut
825 1269 917 1318 morte
942 1256 1072 1318 simulata

75 1347 176 1404 iuuere
188 1342 265 1404 elati.
295 1344 386 1419 Quam
398 1353 491 1404 auteur
504 1343 617 1423 trepide
629 1361 771 1421 anxioque
784 1345 950 1418 certaverit,
965 1349 1071 1420 quanta

76 1428 305 1489 adversariorum
320 1427 521 1527 aemulatione,
539 1445 595 1507 quo
611 1435 688 1486 metu
700 1427 873 1503 iudicum,
846 1445 895 1485 vrx
911 1424 990 1486 credi
1007 1433 1070 1504 pot-

76 1522 130 1573 est.
173 1511 384 1587 Adversarius,
406 1529 486 1589 quaer
480 1511 586 1590 plane
609 1510 783 1584 conditionis
804 1509 948 1586 eiusdem,
969 1508 1069 1568 obser·
1082 1528 1106 1568 re
1124 1525 1142 1562 u
1202 1511 1217 1541 ‘

77 1615 157 1672 vare,
181 1604 313 1673 captare,
337 1595 472 1655 infamare
494 1604 627 1670 secreto,
658 1611 867 1673 normumquam
887 1611 925 1652 ex
947 1608 1071 1652 occursu

76 1678 236 1740 maledictis
251 1679 411 1755 incessere,
438 1697 472 1738 ac
494 1681 517 1738 si
539 1680 586 1757 qui
608 1687 669 1738 arte
693 1677 917 1756 praecellerent,
941 1692 1071 1755 courum-

78 1767 155 1843 pere'
167 1765 251 1822 etiam
265 1760 387 1822 solebat.
431 1762 545 1821 Iudices
561 1771 654 1821 autem
670 1764 748 1838 prius
763 1779 846 1839 quam
862 1763 1006 1838 inciperet
1025 1776 1070 1818 rc·

58 1847 276 1906 'versutissime
293 1845 511 1926 adloquebatur,
530 1846 633 1906 omnio
648 1861 682 1904 se
694 1844 843 1923 facienda
861 1843 991 1922 secisse,
1016 1842 1073 1902 sed

78 1936 213 1992 mentum
226 1929 258 1990 io
271 1947 364 1990 meno
380 1947 447 1990 csse
462 1929 638 1999 Fortunam
659 1929 730 1989 illoc
743 1935 779 1988 ut
791 1929 942 2007 sapientis
963 1934 991 1987 et
1013 1927 1067 1987 do·
1081 1940 1107 1979 ¹2⁰

79 2024 144 2076 ctos
155 2014 242 2074 ciros
253 2014 386 2092 fortuitu
398 2013 508 2074 debere
519 2013 704 2082 emcluderc,·
721 2021 816 2091 atque,
834 2021 864 2072 nt
876 2011 994 2072 auderet
1005 2009 1071 2070 bor·

79 2097 217 2173 tentibus,
242 2099 378 2177 aequiore
400 2101 492 2158 auimo
514 2097 682 2172 recedebat,
704 2115 737 2156 ac
758 2115 795 2156 ne
815 2098 857 2155 sic
879 2095 993 2175 quidem
1009 2096 1072 2153 sine

80 2143 284 2255 sollicitudine,
301 2183 520 2240 taciturnitatem
536 2181 732 2259 pudoremque
750 2179 925 2259 quorundam
949 2195 1002 2258 pro
1024 2180 1071 2236 tri-

37 2266 154 2332 elstitia
176 2272 205 2322 et
225 2263 401 2340 malignitate
421 2282 546 2341 arguens
570 2275 782 2342 suspectosque
806 2264 861 2323 sibi
887 2263 995 2323 dicens.
1040 2260 1072 2319 ln

25 2347 217 2408 certando
226 2348 410 2426 veroitalegi
424 2347 608 2426 oboediebat,
618 2357 647 2406 ut
660 2365 810 2425 numquam
822 2365 962 2407 excreare
976 2361 1072 2417 ausus,
1082 2361 1111 2401 as
1216 2351 1217 2420 t

80 2431 214 2492 sudorem
228 2449 343 2511 quoque
358 2431 460 2491 frontis
484 2429 604 2491 brachio
627 2431 808 2508 detergerem
831 2440 916 2511 atque
937 2431 1022 2488 etiam
1044 2429 1074 2486 in

32 2595 33 2598 Ἴ
79 2518 191 2594 tragico
204 2516 326 2594 quodam
339 2525 415 2592 actu,
429 2533 492 2576 cum
506 2514 633 2594 elapsum
646 2513 777 2575 baculum
789 2517 846 2575 cito
858 2515 1073 2592 resumpsisset,

14 2649 16 2654 .
81 2599 202 2680 pavidus
217 2609 246 2660 et
259 2609 389 2659 metuens
404 2618 440 2659 ne
457 2599 495 2659 ob
513 2599 646 2659 delictum
663 2600 818 2658 certamine
834 2605 1073 2669 summoueretur,

81 2702 137 2742 non
149 2682 232 2742 aliter
245 2685 426 2744 confirmatus
438 2692 483 2744 est
494 2701 577 2762 quam
587 2683 734 2742 adiurante
744 2681 905 2762 hypocrita,
917 2697 976 2741 non
987 2681 1073 2740 anim-

81 2767 233 2826 adversum
257 2768 286 2826 id
313 2767 387 2826 inter
417 2768 609 2827 exultationes
637 2766 935 2846 succlamationesque
963 2762 1113 2842 populisc

81 2853 231 2910 Victorem
250 2859 342 2911 autem
361 2869 393 2910 se
409 2852 473 2928 ipse
489 2849 703 2929 pronuntiabat;
721 2850 827 2928 quade
843 2867 929 2910 causa
945 2859 974 2907 et
990 2863 1075 2926 prae·

83 2935 168 2994 conio
183 2931 287 3012 ubique
304 2933 459 2994 contendit.
502 2933 547 2994 Αο
570 2952 606 2992 ne
629 2933 708 2992 cuius
730 2934 847 2994 alterius
866 2933 1077 3004 hieronicarum

82 3017 219 3077 memoria
241 3026 289 3077 eut
310 3018 464 3096 vestigium
492 3025 605 3077 extaret
632 3034 765 3094 usquam,
792 3017 920 3076 subverti
946 3025 976 3074 et
1001 3030 1077 3072 unco

81 3100 155 3161 trahi
171 3099 327 3180 abicique'
319 3119 347 3161 rn
365 3101 482 3161 latrinas
501 3103 625 3160 omnium
645 3109 751 3160 statuas
776 3107 819 3159 et
828 3101 983 3177 imagines
989 3101 1078 3196 impe·

84 3186 166 3244 ravit.
211 3185 362 3262 Aurigavit
381 3201 497 3263 quoque
517 3183 710 3282 plurifariam,
737 3181 877 3265 Olympiis
898 3195 970 3242 vero
994 3183 1117 3242 elianus

85 3269 292 3346 decemiugem,
313 3269 441 3347 quamvis
462 3267 523 3327 id
515 3286 607 3346 ipsum
627 3268 656 3326 iu
677 3285 748 3344 rege
762 3267 931 3328 Mithradate
952 3268 1080 3340 carmine

86 3351 208 3428 quodam
229 3369 281 3412 suo
303 3350 552 3430 reprehendisset;
577 3349 629 3410 sed
650 3369 792 3411 excussus
813 3369 897 3412 curru
919 3366 954 3412 aa
981 3367 1081 3410 rursus

85 3435 240 3509 repositus,
257 3453 321 3494 curn
338 3433 496 3514 perdurare
511 3450 570 3492 non
584 3442 697 3512 posset,
713 3434 821 3495 destitit
833 3443 898 3496 ante
912 3425 1080 3499 decursatur:

308 3713 341 3740 Ὗ
369 3699 452 3770 ..μζκ
