2416 3876
116 167 179 228 304
400 178 429 226 c.
453 179 617 228 souronn
636 179 851 238 uuusqutuuu

117 335 193 397 enim
208 333 392 414 Tranquillus
408 334 612 413 praeverbium
635 342 716 413 putat
732 333 788 394 dici
814 332 925 394 debere
947 331 1027 413 quod
1048 341 1126 408 ante,

118 419 167 481 vel
193 419 363 480 adverbium
386 418 464 497 quod
484 428 553 497 post
572 418 693 478 verbum
714 417 941 497 appellationem
966 418 1053 478 etiam
1075 432 1126 476 uo-

117 521 242 583 menque
258 512 391 581 ponatur.
405 500 507 563 lulius
515 503 676 564 Romanus
691 501 779 580 apud
794 501 972 562 Cluriaium
982 520 1014 579 p.
1026 509 1084 560 175
1091 499 1126 560 P.

182 588 243 649 lsto
260 587 357 666 vilius]
381 585 446 647 Rex
473 588 521 665 qui
544 587 670 647 vocabat
692 587 727 647 ad
750 603 884 664 caenam,
908 588 933 644 si
954 584 1008 645 sibi
1025 602 1061 644 ea
1076 603 1129 644 res

118 671 283 736 exhibenda
304 671 479 732 indiceretur
494 689 578 751 quam
594 671 735 732 exhibere
750 688 808 729 nou
829 679 947 749 posset,
962 669 1129 747 respondit,
1145 699 1159 738 5

119 769 148 819 ut
164 755 346 837 tranquillus
370 756 477 816 refert:
506 759 562 815 isto
578 756 663 815 vilius
678 755 801 816 hominis
818 757 874 816 erit
893 773 993 816 caena.
1024 751 1132 814 Iulius

118 845 279 905 Romanus
294 840 381 918 apud
395 838 573 901 Cluririum
581 858 614 917 p.
632 848 689 900 180
703 838 738 899 P.

185 927 271 977 Potest
283 924 325 974 hic
337 925 440 986 titulus,
468 925 510 988 qui
524 933 562 976 est
575 926 606 975 de
620 924 705 974 Rebus
722 925 807 986 variis,
830 939 887 974 cum
901 925 1055 988 insequenti,
1083 907 1131 986 qui

118 1005 157 1048 eat
171 997 275 1046 Pratum
286 995 342 1044 sive
354 995 442 1054 Prata,
457 995 492 1042 ita
505 993 585 1043 vidoni
599 995 748 1043 coniunctus
761 993 854 1055 luisse,
868 1002 896 1044 ut
907 995 1055 1058 inscriptum
1070 991 1130 1040 iue-

117 1067 163 1116 rit:
183 1064 210 1116 Ο.
229 1061 334 1113 Suetoni
346 1062 485 1126 Tranquilli
503 1063 607 1111 Pratum
623 1062 678 1112 sive
695 1063 728 1112 de
745 1062 830 1113 liebus
848 1063 927 1112 variis
945 1061 1003 1112 libri
1016 1098 1022 1112 .
1035 1097 1042 1111 .
1056 1097 1063 1110 .
1077 1061 1128 1110 Ta·
1141 1078 1169 1120 ιο

117 1149 176 1184 men
188 1133 267 1184 tutius
280 1131 343 1181 duxi
355 1132 490 1198 separatim
503 1145 606 1196 ponere.

181 1198 258 1261 XVI.
291 1199 363 1272 Quia
394 1201 501 1258 variam
527 1209 556 1259 et
578 1198 739 1258 miscellam
763 1207 793 1259 et
814 1201 897 1278 quasi
921 1199 1131 1258 confusaneam

118 1285 277 1347 doctrinam
293 1284 545 1362 conquisiverunt,
562 1300 599 1343 eo
616 1282 714 1343 titulos
730 1301 847 1363 quoque
870 1284 906 1344 ad
927 1301 991 1344 eam
1007 1291 1128 1342 senten-

118 1371 185 1430 tiam
201 1366 444 1446 exquisitissimos
459 1367 631 1427 indiderunt.
648 1365 778 1445 Namque
794 1367 843 1427 alil
858 1365 1002 1428 Musarum
1024 1368 1130 1426 inscri-

119 1457 263 1534 pserunt.
281 1494 289 1508 .
307 1495 314 1510 .
331 1451 434 1530 partim
451 1447 625 1531 Λειμῶνας
641 1496 647 1511 .
665 1494 672 1508 .
690 1496 697 1510 .
720 1450 774 1511 Est
796 1461 951 1530 praeterea
976 1454 1022 1531 qui
1047 1451 1175 1518 Pru-15

119 1549 198 1598 tum.
219 1535 336 1596 Gellius
347 1534 549 1614 praefatione
564 1543 667 1596 5-8.
685 1532 725 1613 cf.
742 1553 842 1614 supra
854 1553 887 1614 p.
905 1543 971 1611 294,
991 1545 1037 1597 26.
1067 1534 1133 1596 Ptt-
1192 1527 1203 1559 ''

119 1622 191 1683 nius
204 1625 269 1680 nat.
287 1617 357 1680 tter.
370 1618 573 1698 praefatione
588 1627 634 1680 23.
663 1618 782 1680 Saldae
796 1638 822 1680 c.
838 1637 868 1681 o.
884 1612 1075 1699 Πάμφιλος.

184 1705 273 1782 Signa
304 1713 398 1763 autem
427 1713 630 1783 tempestatum
661 1703 862 1783 navigantibus
885 1704 1070 1782 Tranquillus
1101 1705 1134 1764 in
1179 1705 1185 1716 '

119 1789 241 1851 Pratis
255 1788 299 1847 sic
308 1788 391 1849 dicit:
401 1787 519 1848 Mutatio
534 1790 716 1867 tempestatis
730 1789 929 1868 exspectanda
941 1799 986 1849 est
998 1792 1026 1849 iu
1040 1806 1131 1867 aspe-

119 1875 196 1952 rius,
223 1889 286 1932 cum
308 1873 335 1930 in
355 1882 495 1932 nocturna
519 1873 703 1950 navigatione
726 1872 864 1933 scintillat
878 1873 914 1933 ad
935 1891 1032 1934 remos
1048 1883 1079 1933 et
1092 1873 1131 1933 ad
1141 1896 1170 1938 ac

119 1955 317 2035 gubernacula
332 1974 417 2035 aqua.
447 1956 479 2017 ln
496 1965 620 2017 austrum
644 1957 723 2017 renti
745 1957 863 2017 mutatio
879 1967 940 2033 est,
968 1977 1031 2018 cum
1051 1957 1130 2018 lulli-

119 2045 203 2119 gines
232 2040 418 2122 irundioesve
435 2041 552 2116 volant,
577 2050 624 2100 aut
640 2059 704 2100 cum
724 2040 822 2101 dellini
847 2051 925 2102 totos
951 2060 984 2102 se
1005 2041 1132 2102 saltibus

120 2123 275 2185 ostendunt
291 2132 339 2184 aut
355 2124 454 2185 caudis
469 2141 571 2203 aquam
588 2126 707 2194 feriunt;
729 2143 792 2184 nam
809 2144 927 2205 semper
941 2136 1044 2186 ventus
1059 2127 1132 2186 inde

121 2209 228 2283 oritur,
245 2225 302 2285 quo
317 2206 359 2266 illi
374 2209 514 2269 feruntur.
546 2207 609 2268 Nec
623 2211 723 2269 mirum
739 2217 784 2270 est
804 2220 880 2270 muta
898 2211 1031 2271 animalia
1054 2211 1131 2270 diui·

120 2310 190 2352 nare
207 2289 260 2350 sult
276 2293 406 2369 gurgite:
423 2311 542 2371 semper
557 2294 632 2351 enim
657 2295 820 2371 incipientis
836 2313 925 2354 aurae
941 2304 1019 2354 motu
1032 2311 1132 2373 aquae
1144 2310 1174 2352 aa

120 2376 307 2451 inclinantur,
331 2393 415 2453 quam
431 2378 669 2455 permutationem
685 2379 772 2437 maris
793 2380 876 2456 primi
890 2380 1026 2438 undarum
1042 2380 1130 2438 inco-

120 2460 167 2520 lae
180 2460 313 2519 sentiunt.
348 2459 449 2540 ltaque
467 2469 591 2539 propter
606 2462 742 2539 impetum
757 2471 900 2540 pugnant,
917 2465 981 2522 sive
997 2472 1133 2523 metune

121 2545 289 2605 deierantur
306 2545 335 2603 in
352 2544 452 2623 litora,
469 2545 530 2603 sive
548 2553 698 2605 naturane
714 2563 882 2606 aversorum
903 2548 1035 2606 cervices
1050 2547 1134 2606 unda

121 2628 303 2708 praecipitet.
336 2627 478 2706 Numquid
500 2646 572 2706 erpo
597 2629 696 2689 delfini
719 2639 825 2690 tantum
849 2631 923 2690 hauc
942 2633 1071 2690 iniuriam
1093 2632 1131 2690 ti-

120 2709 222 2772 ment?
254 2711 341 2771 lmmo
365 2723 395 2773 et
412 2713 502 2773 ceteri
520 2714 637 2790 pisces,
660 2713 713 2774 sed
728 2713 756 2773 hi
775 2723 883 2774 tantum
902 2725 1043 2794 apparent
1058 2717 1131 2794 qnia
1143 2738 1174 2780 ao

123 2789 251 2856 exiliunt.
285 2793 430 2857 Isidorus
444 2796 483 2858 dc
497 2803 615 2858 acturo
630 2815 732 2858 rerum
750 2807 802 2874 38,
821 2807 846 2859 1.
1098 2861 1100 2866 ,

185 2879 230 2938 De
247 2881 407 2940 nominihus
424 2883 509 2941 maris
532 2891 563 2942 et
582 2883 725 2943 lluminum
747 2883 774 2940 in
798 2882 916 2943 Pratis
941 2882 1132 2962 Tranquillus

122 2965 165 3022 sic
178 2964 306 3023 adseruit
325 2964 440 3025 dicens:
462 2964 620 3025 Externum
641 2985 737 3026 mare
752 2964 887 3027 Oceanus
906 2978 961 3045 est,
984 2971 1159 3029 internum*

122 3047 199 3125 quod
213 3066 249 3106 ex
265 3047 384 3109 Oceano
403 3048 475 3121 duit,
495 3069 631 3128 superum
656 3058 685 3109 et
706 3051 828 3111 inferum
848 3053 952 3131 quibus
972 3053 1053 3113 ltalia
1077 3054 1131 3114 ad-

122 3131 217 3191 luitur.
236 3130 282 3191 Ex
295 3133 477 3212 iissuperum
497 3153 1133 3202 ——77------—-——-

121 3214 299 3276 Adriaticum
331 3217 434 3277 (popm
449 3227 478 3276 et
512 3187 689 3247 Adriaticum
704 3205 840 3266 superum
854 3199 986 3265 vocatur,
999 3188 1132 3265 Tyrrhe·
1143 3214 1173 3257 ω
1202 3239 1203 3242 ,

122 3297 386 3362 Tuscumqnfemm·
396 3300 476 3360 pre,
514 3270 757 3347 numiaierum‚ut
771 3271 890 3333 lunilius
904 3274 1133 3352 etTranquillus

46 3405 52 3422 ,
122 3389 371 3461 pumanguspum,
397 3386 479 3462 quasi
514 3355 621 3429 dicunt,
635 3354 738 3453 quibus
754 3355 981 3418 adluiturltalia.
997 3357 1135 3420 Scholia
1202 3361 1203 3364 ’

123 3461 258 3539 fervens,
273 3482 371 3545 mm,
389 3478 419 3526 ut
433 3467 477 3526 Si,
514 3436 688 3498 Berneaatu
702 3439 747 3499 ud
765 3437 853 3521 Ver-p.
869 3441 980 3522 Georp.
1001 3451 1027 3520 2,
1046 3451 1108 3505 158.
1201 3463 1202 3508 3

918 3541 1129 3557 ιι--ι-ιι-ι
