2408 3870
195 96 305 144 uxxw
536 95 742 150 PRAEFATlO·

197 254 291 312 tonius
314 255 352 312 ita
370 261 481 311 secutus
503 261 562 324 est,
587 260 616 309 ut
631 253 707 311 viros
728 255 811 310 rebus
831 255 942 312 bellicis
965 257 1102 330 civilique

199 337 302 393 virtute
320 338 412 396 claros
435 331 637 409 excluderet⁵⁶)
659 343 687 391 et
708 338 785 393 solos
804 353 870 408 eos,
891 339 937 410 qni
952 340 1053 398 litteris
1069 341 1100 396 id

202 427 245 477 est
262 421 344 478 libris
366 416 525 477 scribendis
549 419 760 489 meminissent,
777 419 1019 496 perscriberct⁵⁷).
1066 424 1101 478 Et

198 511 329 576 quantum
349 504 473 561 iudicare
494 504 578 559 lrcdie
594 503 678 572 licet,
698 517 767 576 opus
788 503 911 560 condidit
935 506 988 562 lide
1003 507 1099 564 brevi-

200 594 257 644 tate
273 605 420 659 rerumque
435 587 570 643 varietate
585 586 626 641 sic
644 587 798 654 excellens,
813 592 843 641 ut
858 603 912 642 non
928 589 1098 645 mediocrem

197 671 342 727 doctorum
356 670 495 727 hominnm
509 671 634 742 plausum
652 669 746 725 ferret.
778 669 844 724 Nam
855 675 883 724 et
893 670 1017 741 integras
1028 689 1099 729 non-

197 770 343 824 numquam
359 753 431 810 ritas
453 753 517 808 inde
533 752 679 824 decerptus
702 751 845 807 codicibus
863 760 1008 824 poetarum
1026 755 1097 811 alio·

197 854 313 907 runrque
333 837 499 909 scriptorum
520 841 749 891 commentatores
778 836 906 892 solebant
930 839 1098 910 praefigere,

198 927 227 975 et
243 921 428 991 Hieronymus
444 919 650 986 stridonensis,
673 917 719 988 qui
743 918 778 973 de
800 917 969 976 doctissimis
991 923 1099 978 veteris

197 1004 339 1059 ecclesiae
361 1002 522 1058 doctoribus
544 1001 609 1071 luit,
631 1003 680 1056 bas
700 1000 771 1056 vilae
792 1001 860 1055 tanti
878 1002 962 1073 lecit,
989 1010 1019 1059 ut
1042 1021 1099 1060 non

197 1087 282 1140 modo
299 1103 323 1140 a.
341 1093 393 1146 380
417 1085 444 1139 in
461 1084 649 1140 convertendo
673 1084 856 1155 augendoque
878 1083 992 1143 Eusebii
1015 1089 1099 1144 cliro-

198 1168 263 1222 nico
281 1169 380 1224 multas
396 1167 460 1222 inde
476 1166 627 1238 particulas
643 1164 850 1223 ‘curiosissime
866 1168 1032 1243 excerptas'
1048 1173 1099 1227 ad-

162 1267 165 1275 *
196 1250 346 1320 misceret,
361 1251 410 1306 sed
428 1250 510 1305 etiam
527 1267 551 1306 e.
568 1255 619 1308 392
634 1249 661 1304 in
676 1247 805 1320 catalogo
819 1266 869 1306 suo
888 1253 1099 1310 ecclesiastico-

200 1349 258 1388 rum
274 1335 441 1406 seriptorum
458 1334 647 1404 componendo
662 1334 734 1387 hunc
754 1333 924 1404 potissimum
940 1353 1020 1408 quem
1035 1336 1099 1393 imi-

197 1421 304 1472 taretur
320 1418 417 1472 ducem
433 1422 461 1470 et
481 1417 634 1486 exemplum
655 1415 708 1472 sibi
731 1423 859 1472 sumeret.
904 1419 1029 1491 Denique
1046 1413 1099 1476 ali-

200 1504 268 1570 quot
281 1501 398 1570 paginas
411 1499 470 1554 eius
482 1499 576 1570 operis
589 1499 713 1568 integrus
729 1515 800 1554 anno
816 1501 929 1556 circiter
943 1501 1098 1562 lecelinae

199 1583 355 1638 Asculanos
373 1599 408 1638 ex
424 1581 585 1638 Germaniae
601 1581 726 1653 partibus
742 1581 770 1636 in
785 1582 890 1640 ltaliam
907 1586 1007 1640 attulit.
1052 1586 1099 1645 li.-

200 1665 302 1721 bellum
325 1665 396 1720 euim
416 1667 452 1721 de
466 1664 663 1727 ¹Grammaticis
686 1669 714 1718 et
738 1665 896 1722 rhetoribus
920 1669 1098 1740 superstitem

199 1748 264 1804 libri
281 1749 314 1805 de
323 1749 399 1804 Viris
416 1747 748 1818 illustribusperliculam
763 1764 844 1818 esse,
864 1756 891 1805 et
907 1751 999 1807 statim
1014 1752 1097 1808 intel·

198 1831 299 1888 lectum
315 1839 374 1900 est,
395 1839 423 1886 ut
439 1851 453 1888 a
472 1832 593 1887 Pontauo
608 1848 635 1903 p.
651 1835 717 1902 288,
736 1836 764 1885 et
777 1830 939 1903 Hieronymi
955 1836 1097 1908 excerptis

102 1966 106 1973 .
194 1914 305 1971 ubunde
320 1916 502 1971 confirmatur.

167 2049 176 2062 ,
263 1999 358 2069 ltaque
388 1998 510 2070 speciem
541 2013 636 2053 eorum
665 1996 799 2053 librorum
829 2014 997 2056 communem
1024 2003 1097 2058 lianc

197 2083 286 2137 luisse
307 2081 399 2148 dicas,
426 2087 455 2134 ut
478 2081 504 2134 in
528 2079 699 2151 singulorum
721 2080 867 2153 principiis
890 2083 1038 2139 Suetonius
1061 2085 1098 2141 de

197 2172 257 2221 urle
275 2165 320 2219 vel
337 2161 483 2235 discipline
501 2168 655 2234 exponeret
668 2163 799 2218 nonnulla
820 2164 1003 2236 coniunctim,
1024 2183 1097 2238 quae

187 2292 401 2308 *—

195 2363 230 2412 de
248 2360 377 2424 Tarquitio
397 2361 447 2410 iam
462 2357 491 2408 G.
512 2361 532 2413 l.
551 2359 658 2409 Vossius
673 2360 737 2410 bene
750 2360 875 2424 exposuit
912 2359 1098 2424 Antiquissima

197 2429 319 2480 memorie
336 2427 404 2493 apud
422 2428 565 2493 Vergilium
586 2435 668 2479 exstet
685 2428 828 2478 (letalecton
844 2430 875 2488 7,
893 2427 909 2478 3
927 2429 982 2478 sive
999 2428 1098 2486 Antltcr
1170 2465 1173 2469 Δ

197 2500 281 2564 legiae
296 2498 389 2562 Meyer.
414 2511 455 2547 no.
468 2497 511 2548 90.

266 2581 311 2646 56)
342 2582 369 2632 ld
389 2592 413 2632 et
437 2579 582 2642 Hieronymi
600 2580 677 2630 verbe
699 2587 724 2630 et
746 2580 802 2645 ipsa
826 2579 968 2646 fragmenta
993 2579 1094 2630 docent.

197 2652 290 2702 lniurie
307 2650 387 2714 igitur
403 2653 456 2701 loco
475 2665 499 2715 p.
517 2647 574 2708 283,
592 2651 605 2699 1
627 2649 669 2711 qui
686 2648 719 2698 de
731 2647 848 2698 Ventidio
864 2647 944 2699 Besso
963 2657 1001 2698 est
1015 2647 1096 2698 Vinc-

195 2727 238 2770 tus
265 2726 288 2769 et
313 2718 357 2766 alii
379 2718 452 2768 abusi
476 2724 550 2776 eunt,
583 2725 609 2769 nt
636 2717 668 2766 de
694 2717 799 2767 ducibus
828 2730 927 2781 quoquc
955 2714 1096 2766 illustribus

197 2787 288 2837 librum
308 2785 388 2834 luisse
405 2784 594 2852 persuaderent.
622 2785 706 2834 Nede
722 2784 942 2850 regibusquidem
958 2785 1049 2834 librum
1067 2784 1095 2834 lu

197 2853 338 2904 lllnstribus
357 2853 444 2913 luisse,
463 2853 533 2902 locus
552 2853 658 2904 Ausonii
672 2852 782 2902 declarat
797 2853 864 2902 inire
882 2868 908 2919 p.
924 2851 983 2907 303,
1006 2852 1038 2903 19
1057 2853 1096 2902 al·

196 2924 273 2972 latus.
300 2921 345 2970 =Dc
354 2921 423 2971 Viris
442 2921 587 2981 illustribus,
602 2921 645 2984 qni
663 2921 737 2970 Plinii
756 2921 855 2971 nomine
874 2919 1094 2983 circumferuntur,

197 2990 318 3040 Suetonio
337 2989 437 3039 tributis
455 2987 522 3037 infre
539 2992 556 3053 p
583 2989 624 3039 011
644 3005 683 3052 sq.
704 2989 795 3042 dicam.

265 3055 311 3120 57)
329 3055 528 3122 Scriptorum
554 3057 688 3107 illustrium
706 3058 790 3122 potius
807 3073 882 3121 quem
897 3058 1015 3107 Virorum
1034 3057 1094 3106 illu·

195 3125 285 3175 atrium
303 3125 381 3177 libros
398 3125 533 3190 inscriptos
551 3123 631 3174 luisse
646 3124 752 3174 Vinctus
768 3127 935 3176 arbitrabatur
950 3125 1036 3188 (isque
1052 3127 1093 3176 sui

195 3195 253 3258 ipse
278 3194 422 3256 immemor,
447 3194 489 3256 qni
508 3193 540 3243 de
557 3193 668 3243 Ducibus
686 3207 785 3256 quoque
805 3194 895 3244 librum
913 3192 1054 3258 statuisset)
1068 3201 1093 3244 et

196 3261 360 3312 Gasaubonus
375 3262 452 3311 libros
467 3261 584 3311 Virorum
602 3262 633 3309 in
653 3261 776 3312 litteris
792 3263 927 3314 illustrium
945 3261 1091 3328 appellarit,

121 3336 127 3344 '
194 3337 300 3394 uterque
318 3329 468 3394 Hieronymo
483 3335 506 3376 et
525 3328 602 3380 Suidu
620 3329 714 3380 invitis.
