2416 3876
99 219 162 282 288
378 235 407 282 c.
427 234 591 283 suurourr
609 234 824 294 unnuournnr

98 387 218 466 quillum
234 387 433 469 Graecumque
449 390 651 471 Apollonium.¹
673 387 877 469 Hieronymus
890 388 934 448 cd
943 385 1106 448 Desideri-

100 489 151 530 um
166 477 186 532 t.
206 481 222 532 1
231 490 264 551 p.
283 482 338 534 211
348 472 428 535 tarr.
455 474 571 550 'Legisti
587 477 662 534 enim
676 483 705 533 et
720 472 851 535 Graecos
866 482 895 533 ct
907 473 1039 548 Latinos,
1058 471 1107 549 qui

98 561 174 619 vitas
198 557 326 617 virorum
346 558 497 618 illustrium
511 557 746 636 descripserunt,
772 557 849 636 quod
863 573 1008 636 nunquam
1020 555 1104 635 Epi·

98 642 263 722 taphium
283 640 395 701 titulum
409 641 580 718 indiderint,
605 640 657 700 sed
680 641 721 700 de
743 641 968 701 illustribus
993 641 1103 716 viris,

99 725 182 787 verbi
205 728 299 804 gratia
325 724 464 803 ducibus,
495 725 698 804 philosophis,
730 725 913 800 oratoribus,
944 725 1127 800 historiciqc

99 811 198 892 poetis
221 811 456 888 epicisutragicis
475 810 594 869 comicis
616 808 674 890 (ol.
691 811 806 889 poetis,
823 811 945 885 ethicis,
962 807 1116 888 physicis.

99 895 238 972 tragicis,
255 893 400 972 comicis.)
430 891 636 974 Hieronymus
652 893 697 954 ori
709 891 913 974 Ampustimam
928 899 949 954 t.
968 901 985 954 1
994 909 1027 972 p.
1046 899 1106 952 738

105 978 243 1039 Vollors.
281 974 329 1057 {In
345 978 484 1039 chronice
498 977 666 1038 Eusebiano
682 997 698 1038 a
714 977 811 1057 nobis]
825 996 902 1038 nunc
916 977 1011 1038 addita
1027 993 1106 1036 nunc

98 1067 187 1124 mixta
204 1071 269 1122 snut
284 1062 423 1141 plurima,
439 1081 512 1142 quae
528 1063 564 1122 de
584 1062 753 1140 Tranquillo
772 1071 800 1121 et
818 1063 924 1122 ceteris
942 1060 1105 1121 illustribus

101 1148 249 1209 historicis
280 1148 477 1208 curiosissime
499 1149 708 1227 excerpsimus.
743 1144 950 1226 Hieronymus
970 1143 1102 1224 praesu
1116 1167 1139 1210 rc

99 1234 185 1294 -tiooe
199 1229 243 1291 ad
258 1227 443 1308 Chromicmr,
467 1237 487 1291 t.
505 1239 568 1310 8p.
587 1240 605 1291 7
623 1230 759 1292 Vollors.

166 1313 199 1376 G.
230 1314 385 1375 Suetonius
413 1317 529 1394 scripsit
550 1315 586 1374 dc
610 1319 680 1376 viris
700 1315 881 1390 illustribus,
904 1317 984 1374 cuius
1006 1331 1104 1373 errem-

101 1401 180 1480 plum
196 1407 314 1458 secutus
328 1399 522 1474 Hieronymus
539 1402 604 1478 ipse
619 1417 735 1479 quoque
753 1399 882 1460 libellum
901 1399 938 1460 de
954 1400 1105 1477 scriptori·

101 1486 156 1545 bus
173 1483 338 1548 christianis
355 1482 451 1546 edidit.
479 1481 580 1562 Nuper
596 1489 679 1544 etiam
687 1483 927 1544 Bartholomaeus
940 1482 1044 1544 Facius
1060 1481 1104 1541 ia-

100 1569 221 1630 miliaris
236 1576 337 1628 noster
353 1568 389 1628 de
401 1571 471 1630 viris
486 1565 647 1628 illustribus
661 1570 800 1648 temporis
816 1569 860 1626 sui
875 1566 967 1627 libros
983 1583 1104 1645 compo·
1117 1577 1144 1616 ¹⁵

102 1656 176 1729 suit,
196 1653 245 1731 qui
262 1669 299 1710 ne
322 1651 377 1715 bos
400 1653 530 1714 Suetonii
553 1653 682 1714 illustres
702 1657 783 1713 viros
808 1653 840 1730 [i.
856 1670 882 1710 e.
900 1652 1105 1726 grammaticos

104 1747 134 1798 et
154 1737 302 1814 rhetores]
316 1736 417 1797 videre
433 1745 553 1816 posset,
569 1755 649 1798 mors
664 1740 812 1798 immatura
827 1737 925 1796 effecit
941 1737 979 1814 [a.
997 1736 1105 1812 14571.

103 1821 193 1882 Paulo
216 1823 290 1880 enim
312 1831 379 1900 post
395 1824 456 1881 eius
469 1833 590 1882 mortem
604 1823 632 1881 in
650 1822 745 1881 lucem
766 1819 927 1895 redierunt,
954 1837 1016 1880 cum
1032 1819 1106 1878 mul·

102 1917 150 1966 tos
166 1921 259 1964 annos
278 1904 433 1966 desiderati
448 1925 464 1966 a
480 1905 575 1966 doctis
590 1905 752 1966 hominibus
770 1915 880 1965 essent.
911 1902 1106 1982 Temporibus

105 1991 179 2048 euim
199 1989 315 2049 Nicolai
341 1991 429 2068 quinti
452 1991 597 2069 pontilicis
619 1991 732 2051 maximi
756 1987 1002 2069 [mm-tusc]
1018 1986 1144 2046 Enocac

105 2072 270 2133 Asculanus
283 2076 311 2132 in
329 2073 450 2134 Galliam
462 2083 491 2134 et
503 2073 568 2133 inde
581 2075 609 2133 in
622 2073 803 2135 Germaniam
817 2073 968 2152 proiectus
985 2073 1107 2150 conqui-

1 2166 2 2170 ’
103 2155 259 2216 rendorum
276 2156 414 2218 librorum
428 2160 519 2236 gratia
532 2159 586 2219 hos
606 2177 766 2238 quanquam
781 2157 938 2217 mendosos
953 2165 982 2215 et
999 2156 1107 2234 imper·

105 2243 200 2301 lectos
213 2240 249 2300 ad
263 2259 317 2301 nos
330 2243 435 2302 retulit.
448 2241 501 2302 (lui
514 2242 695 2304 sichabemla
709 2251 752 2312 est
763 2243 865 2319 gratia,
875 2249 905 2300 ut
914 2241 989 2300 male
998 2241 1107 2317 impre-

106 2323 227 2385 candum
243 2325 433 2386 estSicconio
447 2325 819 2404 PolentonoPataviuo,qui
838 2343 901 2385 cum
918 2331 1108 2402 campartem

107 2417 244 2488 quaeest
261 2409 304 2469 de
328 2410 545 2471 oratoribus
574 2430 613 2471 ac
639 2413 768 2489 poetis
787 2411 962 2484 invenisset,
982 2409 1020 2467 ita
1036 2422 1145 2485 sup-ac

105 2493 215 2572 pressit
229 2502 260 2553 ut
274 2513 311 2554 ne
325 2512 449 2573 unquam
460 2496 488 2554 in
503 2494 597 2555 lucem
609 2497 709 2554 venire
720 2503 833 2574 posset.
862 2494 953 2568 Quam
969 2509 1026 2569 ego
1040 2509 1108 2551 cum

106 2577 216 2638 Patavii
233 2581 447 2657 perquirerem,
462 2579 577 2640 taudem
598 2580 696 2658 reperi
712 2597 774 2639 eam
797 2577 832 2638 ab
847 2577 900 2636 illo
915 2577 1006 2637 luisse
1026 2592 1107 2635 com·

106 2661 218 2720 bustam
233 2665 385 2742 ipsumque
399 2665 563 2741 arrogantia
583 2681 618 2723 ac
639 2665 800 2722 temeritate
816 2661 968 2742 impulsum
986 2660 1108 2719 desitis

106 2744 261 2805 illustrium
279 2750 452 2827 scriptorum
463 2748 667 2826 loquacissime
681 2749 788 2825 pariter
800 2755 829 2806 et
840 2743 1019 2825 ineptissime
1032 2745 1108 2804 scri·
1194 2744 1200 2754 '

107 2831 204 2908 psisse
228 2830 266 2908 [a.
289 2831 395 2911 1433]
425 2830 576 2894 loricatus
597 2831 757 2894 Postumus
779 2828 892 2891 Umber
915 2845 945 2890 o.
971 2837 1051 2890 1461)
1071 2828 1147 2890 inco

108 2911 216 2974 codice
238 2933 320 2976 numo
344 2912 504 2994 Leideosi,
531 2917 581 2978 cui
606 2916 781 2994 inscripsit:
811 2913 844 2974 G.
864 2914 993 2973 Suetonii
1017 2912 1108 2972 Tran-

108 2997 189 3075 quilli
214 2997 249 3058 de
275 3002 345 3059 viris
369 3000 527 3060 illustribus
549 3000 624 3060 liber
645 3001 756 3078 incipit.
789 2999 834 3059 De
852 2998 1055 3076 grammaticis.
1077 3003 1112 3056 et

107 3080 309 3160 subscripsit:
341 3083 473 3162 Amplius
496 3093 641 3162 repertum
664 3101 722 3143 non
744 3093 790 3142 est
804 3081 907 3158 adhuc.
924 3080 1027 3140 desunt
1041 3079 1108 3139 rhe-

107 3175 188 3226 tores
205 3165 256 3226 x1.

178 3253 276 3302 Incerto
294 3268 395 3304 rumore
415 3254 543 3318 accepisse
562 3253 679 3314 videtur,
705 3265 769 3316 quae
791 3253 822 3303 de
843 3251 955 3303 Siceonis
972 3249 1144 3300 Poleutcnist

107 3317 199 3368 fraude
216 3329 315 3381 narrum
337 3330 362 3372 at
375 3321 438 3370 illud
451 3323 515 3372 heae
536 3322 665 3371 Pomanus
678 3321 814 3384 intellexit,
838 3318 984 3372 Suetoniaui
1010 3319 1107 3384 operis,

108 3387 177 3448 quod
194 3387 226 3436 de
243 3389 414 3441 Romanorum
431 3390 493 3440 viris
512 3390 651 3439 illustribus
669 3388 796 3448 exstabat,
808 3389 956 3456 particulam
973 3402 1031 3438 esse
1049 3402 1110 3436 eum

109 3452 233 3516 libellum,
248 3470 321 3518 quem
334 3472 412 3522 supra
426 3473 452 3524 p.
471 3457 522 3508 257
540 3473 596 3520 sqq.
612 3457 757 3519 retulimus,
775 3458 807 3508 de
824 3457 994 3524 grammaticis
1011 3463 1035 3506 et
1048 3454 1110 3506 rhe-

108 3518 221 3582 toribus,
234 3531 258 3572 et
274 3523 322 3574 boc
333 3535 399 3575 recte
415 3523 549 3585 indicavit,
571 3525 710 3576 desiderari
724 3540 767 3577 eas
781 3537 882 3592 partes,
900 3540 964 3588 quae
983 3531 1056 3575 erant
1075 3525 1110 3574 de
