2438 3872
142 125 205 189 206
227 139 257 188 c.
274 140 423 190 sacroru
441 141 568 201 nunno.
584 141 631 188 nn
648 141 731 189 vrun
747 141 930 190 ounsnnun
945 141 1014 189 ura.
1029 143 1092 192 v11.

143 279 381 360 praefinitumque
394 288 517 359 tempus.
539 278 686 342 iudicibus
697 287 809 340 sextam
818 279 964 342 decuriam
982 281 1057 342 adici
1069 300 1140 361 pre·

144 363 273 425 cantibus
284 381 342 422 non
353 362 439 424 modo
448 365 575 442 negavit,
588 363 640 425 sed
649 372 679 424 et
691 377 862 427 concessum
873 363 1017 429 aclaudio
1025 365 1140 426 benefi-

142 450 226 526 cium,
238 465 276 508 ne
286 447 380 507 Heme
391 449 528 526 initioque
542 449 608 508 anui
620 447 845 510 adiudicandum
856 458 1066 527 evocarentur,
1080 451 1140 510 eri·

99 541 133 596 15
143 535 213 612 puit.
243 531 468 593 Existimabatur
479 535 562 592 etiam
574 533 723 592 senatoria
731 540 760 591 et
768 535 913 612 equestria
925 533 1022 594 cilicia
1038 533 1140 594 bienni

141 616 237 696 spatio
249 615 498 692 determinaturus,
508 634 564 676 nec
575 614 692 676 daturus
704 616 759 676 nisi
771 616 865 676 invitis
877 634 912 676 ac
922 617 1168 678 recusantibuss

140 699 485 777 LiberalitatesNeranis,
494 699 625 780 nonplus
634 699 752 760 decimis
762 702 922 778 concessis,
932 719 987 780 per
996 702 1138 780 quinqua·

141 786 221 862 ginta
238 785 352 862 equites
363 783 400 845 R.
415 802 450 843 ea
464 783 636 846 condicione
646 783 830 844 revocandas
842 786 953 846 curavit
962 783 1138 862 erigendas-

143 885 209 947 que,
216 877 247 928 ut
260 877 289 928 et
296 869 321 926 si
328 867 396 946 quid
404 869 530 928 scaenici
538 869 697 942 autxpstici
710 867 844 928 donatum
851 867 919 929 olim
926 867 1138 944 vendidissent,

75 963 81 972 '
142 951 304 1014 auferretur
325 951 518 1031 emptoribus,
542 950 656 1030 quando
674 951 716 1011 illi
733 952 827 1030 pretio
846 951 998 1031 absmnpto
1017 951 1139 1023 solvere

141 1053 178 1098 ne
200 1036 303 1094 uirent.
799 1048 802 1054 ·
1148 1049 1175 1089 aa

181 1053 243 1178 th
255 1128 355 1180 contra
367 1119 436 1180 nibil
444 1136 563 1198 nonper
570 1120 691 1182 comites
702 1127 788 1198 atquc
795 1118 917 1200 libertos
927 1120 1021 1198 pretia
1029 1118 1138 1196 addici,

142 1212 190 1264 aut
205 1203 305 1263 donari
323 1205 418 1280 gratia
434 1209 538 1281 passus
551 1211 610 1279 est,
629 1203 784 1280 vectigalia
800 1204 1007 1280 immunitates,
1024 1220 1139 1282 poenas

140 1288 336 1347 innocentium
348 1288 531 1365 impunitates
540 1288 700 1347 noxiorum.
721 1288 902 1363 Quinetiam,
920 1286 1031 1368 populo
1043 1286 1138 1346 R.de-
1204 1365 1205 1368 Ἴ

142 1379 284 1450 poscente
295 1369 469 1450 supplicium
479 1369 577 1430 Haloti
591 1379 620 1431 et
631 1369 772 1448 Tigillini,
784 1370 917 1431 solos‘ex
934 1369 1065 1432 omnibus
1077 1370 1138 1430 Ne·

140 1457 222 1516 nonis
235 1455 392 1514 emissariis
402 1455 451 1515 vel
461 1454 743 1516 maleficentissimos
753 1453 915 1514 incolumes
934 1457 1078 1533 praestitit
1095 1462 1136 1514 at·
1147 1471 1174 1514 ιε

141 1557 197 1618 que
209 1541 327 1617 insuper
338 1537 473 1598 Halotum
484 1541 690 1618 procuratione
701 1537 876 1618 amplissima
889 1541 1012 1616 ornavit,
1026 1556 1080 1617 pro
1088 1537 1137 1598 Ti-

75 1682 93 1717 ,χ
141 1623 244 1702 gillino
258 1625 343 1682 etiam
355 1625 495 1682 saevitiae
510 1622 648 1702 populum
661 1622 757 1683 edicto
769 1623 922 1702 increpuit.

90 1680 133 1770 bi
202 1707 258 1766 Per
268 1706 342 1766 baec
355 1725 448 1786 prope
461 1709 602 1767 universis
621 1704 768 1766 ordinibus
787 1706 929 1786 offensus,
950 1705 999 1766 vel
1022 1707 1137 1786 praeci·
1205 1719 1206 1726 ’

142 1809 198 1870 pua
209 1790 350 1867 flagrabat
361 1790 467 1852 invidia
479 1791 555 1869 apud
566 1789 682 1851 milites.
703 1789 777 1852 Nam
790 1807 853 1851 cum
863 1793 893 1850 in
903 1790 1002 1852 verba·
1012 1792 1075 1850 elus
1087 1787 1137 1848 ab·

141 1877 233 1934 sentis
244 1874 402 1934 iurantibus
420 1875 584 1936 donativum
596 1875 732 1951 grandius
742 1874 830 1934 solito
839 1876 1000 1953 praepositi
1009 1891 1135 1953 pronun·
1146 1895 1173 1937 so
1197 1915 1206 1974 p

140 1961 272 2034 tiassent,
285 1976 381 2037 neque
392 1967 482 2020 ratam
493 1978 554 2020 ram
565 1957 664 2019 babuit
675 1967 705 2018 et
715 1957 837 2018 subinde
848 1959 976 2034 iactavit,
989 1957 1092 2038 tepere
1101 1975 1138 2018 ac
1200 1965 1205 2004 ἵ

140 2041 281 2117 militem,
308 2060 370 2102 mom
385 2060 485 2102 emere
501 2060 666 2104 conacciae
672 2066 688 2113 ,·
713 2051 799 2120 atque
816 2060 852 2102 eo
880 2041 997 2120 quidem
1020 2042 1138 2101 nomine

142 2127 250 2201 omnis,
268 2127 315 2202 qui
327 2125 433 2204 ubique
446 2136 542 2202 erant,
556 2125 752 2187 exacerbavit.
784 2124 919 2186 Ceterum
934 2127 1137 2204 praetorianos

142 2211 227 2268 etiam
239 2217 316 2267 metu
328 2217 357 2268 et
368 2209 536 2287 indignitate
550 2212 714 2285 commovit,
726 2227 880 2269 removens
891 2209 1012 2269 subinde
1022 2209 1136 2287 pleros·
1202 2271 1203 2278 χ

142 2309 209 2371 que,
222 2300 252 2351 ut
263 2302 419 2370 suspectos
432 2303 461 2354 et
470 2293 625 2371 Nymphidi
637 2295 746 2355 socios.
778 2292 837 2352 Sed
853 2295 976 2354 maxime
993 2291 1172 2355 fremebatas
1199 2295 1203 2330 ‘²

141 2377 303 2455 superioris
316 2376 485 2438 Germaniae
501 2379 658 2453 exercitus,
672 2376 798 2438 fraudari
817 2395 849 2437 se
868 2379 995 2456 praemis
1012 2384 1137 2436 navatae
1201 2423 1202 2438 .

141 2462 281 2522 adversus
296 2460 398 2523 Gallos
409 2471 438 2522 et
449 2462 601 2523 Vindicem
612 2477 732 2540 operae.
760 2459 842 2538 Ergo
861 2464 944 2540 primi
965 2459 1136 2538 obsequium

139 2563 274 2624 rumpere
288 2547 360 2621 ausi,
373 2545 420 2605 Hl.
431 2543 491 2605 lau.
505 2545 584 2622 adigi
597 2551 779 2605 sacramento
791 2546 847 2605 nisi
859 2547 888 2604 in
900 2561 1005 2605 nomen
1017 2553 1136 2603 senatus
1198 2565 1202 2614 j

139 2637 308 2689 recusarunt
319 2631 470 2708 statimque
483 2629 657 2706 legationem
676 2627 712 2688 ad
730 2631 929 2708 praetorianos
942 2645 1005 2688 cum
1021 2627 1135 2688 manda·
1200 2623 1201 2628 ’

139 2713 177 2770 tis
196 2711 424 2789 destinavcmnt,
443 2712 608 2792 displicere
625 2714 843 2791 imperatorem
863 2711 896 2773 ic
908 2711 1065 2790 Hispania
1080 2710 1132 2790 sc·
1144 2729 1170 2771 ao
1199 2749 1200 2784 ;

141 2800 240 2864 ctum;
257 2795 402 2874 eliperemt
413 2796 477 2874 ipsi
490 2815 578 2876 quera
592 2798 695 2858 marcii
714 2796 869 2856 exercitas
887 2793 1133 2874 comprobarent.
1198 2785 1200 2886 l

100 2879 131 2936 li
142 2877 227 2952 Quod
245 2888 277 2939 ut
300 2881 455 2940 nuntiatum
479 2890 540 2958 est,
561 2877 713 2960 despectui
738 2897 805 2940 esse
823 2897 882 2940 uon
905 2890 963 2942 tam
986 2888 1134 2939 senectam

140 2979 219 3022 suam
237 2980 319 3041 quma
331 2963 483 3024 orbitatem
500 2973 596 3041 ratus,
619 2965 754 3026 Pisonem
770 2961 859 3040 Frugi
877 2963 1067 3039 Licinianum,
1082 2980 1133 3022 no·

140 3044 227 3105 bilem
240 3050 450 3126 egregiumque
463 3051 595 3109 iuvenem
605 3067 640 3110 ac
652 3049 707 3109 sibi
720 3047 789 3108 olim
801 3047 1034 3126 probatissimum
1045 3055 1132 3105 testa-

139 3139 294 3210 mentoque
307 3149 422 3209 semper
433 3134 462 3190 in
472 3132 547 3193 bona
560 3142 589 3194 et
605 3150 710 3193 nornen
728 3132 885 3210 adscitum,
903 3139 1055 3211 repentae
1073 3145 1130 3190 me·
1141 3141 1167 3183 to

140 3211 187 3273 dia
211 3215 392 3276 salutantium
413 3215 495 3275 turba
518 3216 708 3296 adprehendit
723 3216 868 3296 liliumque
890 3215 1042 3295 appellans
1064 3232 1128 3292 per-

141 3295 220 3358 duxit
245 3301 274 3357 in
295 3308 388 3359 castra
407 3316 441 3358 ac
459 3316 513 3376 pro
533 3303 671 3361 contione
689 3298 851 3379 adoptavit,
877 3318 913 3360 ne
931 3308 999 3360 tuno
1016 3297 1129 3378 quidem

141 3376 267 3441 donativi
286 3380 344 3442 ulla
360 3383 506 3441 mentione
521 3383 606 3443 iacta.
641 3384 705 3460 an
718 3383 879 3445 faciliorem
896 3385 1081 3446 occasionem
1092 3381 1132 3444 bl:
