2416 3876
150 216 213 278 276
431 225 461 273 c
484 221 648 272 εοεεοιιιι
670 220 885 280 mmmm

150 365 1042 564 38⁰8⁷²88188882882203{8888

152 571 170 613 ο
159 482 468 650 ‘88888883g
371 551 669 647 συγκωμασταῑς
638 535 747 605 ἐδόκει
761 539 829 602 τῶν
820 506 1029 640 γενναίων·

152 635 184 697 ί
197 624 229 696 δ
245 624 303 732 ού,
319 620 428 693 πολύν
444 615 669 731 ἐλάμβανεν
645 617 689 698 ω“ς
704 615 852 707 ἀσθενὴς
865 617 927 688 τὸν
944 621 1066 708 γέλων.

148 708 202 781 Ἐκ
213 709 344 780 τούτων
361 705 457 796 ύβρις
471 708 628 812 σύμπασα
641 705 698 773 καί
711 710 800 773 πάσα
814 709 964 791 φλυαρία

151 797 282 902 λέγεται
295 786 566 898 προπηλακισμός
581 786 647 876 ἅμα
664 789 720 856 καὶ
734 793 909 875 παροινία,

151 878 278 966 λατάγη
293 878 331 948 88
346 879 402 947 καὶ
422 875 582 962 κότταβος
604 873 660 942 καί
681 875 897 960 ἑωλοκρασία.
942 878 1088 942 λοοκκοε

417 965 540 1030 Τισίεω
554 964 754 1026 historiarum
764 962 929 1024 variarum
943 973 973 1038 6,
986 970 1166 1024 874—896.

207 1035 295 1106 Οδε
310 1065 350 1106 τα
338 1035 457 1147 περὶ
475 1035 904 1144 Ἐλληνικῆςπαιδιάς
919 1036 1067 1124 γράψας,
1088 1044 1201 1109 δια-.

149 1120 262 1226 φοράν
282 1123 338 1190 καί
340 1148 452 1227 αυτρς
475 1149 490 1190 ε
492 1118 570 1201 8883
585 1119 700 1225 κύβων
721 1121 777 1188 καὶ
791 1125 925 1187 πεσσῶν
938 1122 995 1189 καλ
1016 1130 1162 1192 παλαιο-
1171 1157 1194 1198 μ

148 1207 251 1293 τάτην
272 1201 374 1273 είπων
393 1203 455 1294 τὴν
476 1200 684 1310 κυβευτικὴν
700 1202 855 1310 παιδιάν,
885 1204 1027 1312 παράγει
1042 1215 1165 1313 Σοφο-

149 1289 317 1368 κλέους
269 1315 344 1394 μεν
359 1292 395 1357 ἐκ
408 1284 684 1378 Παλαμήδους,
667 1287 899 1380 ομωνύμου
867 1293 914 1356 τω
928 1289 1013 1378 ἥρωι
1031 1291 1166 1380 δράμα-

149 1400 222 1460 τος,
239 1371 292 1442 τό·
317 1375 443 1453 ἐκεῖνος
457 1377 579 1480 ἐφεῦρε

302 1455 447 1537 πεσσούς
460 1457 587 1564 κύβους
601 1483 637 1525 τε
644 1453 816 1562 ,τερπνὸν
828 1452 980 1544 άργίας”
960 1485 1055 1538 ακος·

149 1537 439 1650 καλΕύφορίωνος
454 1542 507 1612 τό·
530 1538 637 1610 πεσσά
644 1510 885 1610 Ναυπλιάδαο.
930 1543 1075 1627 Λέγειδ
1054 1541 1198 1612 δεκαὶιι

149 1629 186 1694 ἐν
211 1626 274 1712 μὲν
295 1621 380 1714 Ἰλίω
408 1631 609 1731 δείκννσβαι
633 1632 734 1693 λίθον
741 1620 828 1711 ,’ἐφ
852 1614 894 1693 08
922 1627 1113 1694 ἐπέσσευον
1134 1632 1172 1695 οί

145 1653 279 1814 Ἀχαιρί,
296 1713 333 1778 ἐν
348 1691 408 1778 88’'
399 1719 506 1815 Λργει
516 1705 577 1779 τὸν
588 1679 1011 1813 λεγόμενύνΠαλαμήδους
1022 1711 1205 1783 πεσσόν.

149 1790 245 1862 καλ’
226 1820 277 1862 οτι
301 1793 447 1862 Πλάτων
467 1790 528 1881 τὴν
555 1796 621 1862 των
641 1797 775 1861 πεσσῶν
802 1789 936 1898 εὕρεσιν
962 1799 1169 1904 Αἰγυπτίοις

150 1875 362 1981 ἀνατίθησιν
367 1881 404 1945 ἐν
420 1883 573 1983 Φαίδρην,
590 1881 698 1989 λέγων
719 1873 843 1956 αύτούς
862 1881 998 1987 πρῶτον
1012 1875 1168 1967 ἀριθμὸν

149 1964 206 2030 καὶ
226 1958 388 2050 λογισμὸν
414 1957 528 2049 εὑρεῖν
547 1989 602 2030 και
591 1964 823 2049 γεωμετρίαν
842 1963 899 2030 καὶ
919 1959 1205 2068 άστρονομίαν,ιι,

150 2053 198 2114 ἔτι
221 2045 258 2148 88
279 2050 433 2113 πεττείαν
451 2072 487 2114 τε
507 2047 562 2114 καὶ
583 2052 741 2151 κυβείαν,
764 2047 820 2114 καλ
836 2042 878 2132 88
902 2046 958 2113 καὶ
973 2044 1168 2158 γράμματα,

149 2131 206 2196 καλ
229 2127 280 2198 ὅτι
302 2155 334 2196 οι
354 2135 415 2197 τού
434 2128 619 2208 Πλάτωνος
632 2099 988 2235 ύπομύηματισταὶ’
945 2157 987 2198 ου
1000 2127 1065 2216 τὴν
1080 2130 1168 2238 παρ’

140 2209 287 2318 Ἕλλησι
294 2221 447 2281 πεττείαν
462 2218 680 2302 σημανθηναί
685 2234 768 2300 φασι
782 2208 850 2282 ύπο
839 2209 1061 2318 Πλάτωνος,
1078 2211 1170 2284 ἀλλὰ

149 2294 211 2384 τὴν
225 2323 286 2365 του
273 2299 336 2364 λε
359 2302 482 2385 ομένου
497 2305 755 2398 πεττευτηρίου,
763 2297 1042 2406 καταγράφεσθαι
1054 2298 1125 2404 γάρ
1139 2326 1172 2367 τι

150 2385 312 2450 πλινθίον
327 2324 437 2488 ύσπερ
453 2385 545 2450 ἐν
504 2408 545 2469 τη
561 2407 755 2487 πεττευτικη
741 2385 885 2472 παιδιᾷ
923 2378 966 2450 δι’
984 2373 1026 2450 08
1049 2379 1093 2450 τά
1115 2412 1198 2454 act-8

149 2467 280 2570 νήματα
296 2491 357 2534 του
344 2462 470 2570 ἡλίου
485 2449 594 2534 καλ
554 2492 611 2554 της
626 2452 783 2571 σελήνης,
807 2472 855 2535 ἔτι
868 2435 907 2535 88
924 2462 1033 2535 καὶ
995 2492 1036 2534 τα
1055 2469 1171 2536 ε’λλει-

150 2545 1170 2744 '‘“2‘0‘88882285‘8838588320588080

150 2638 303 2786 ύδεσύακαλ
312 2725 534 2881 παροηιία
487 2717 597 2788 ἐπλ
550 2744 618 2786 των
629 2715 734 2824 μηδὲν
747 2713 803 2786 διὰ
815 2721 921 2824 μέσρυ
936 2718 1171 2789 κινδυνευόν-

149 2827 218 2868 των
239 2800 293 2869 τό·
369 2831 388 2870 τ

150 2884 205 2952 καὶ
222 2886 257 2951 88
239 2892 316 2970 λίαχ
299 2829 610 2995 ίύύουράςρηδμού,
588 2913 627 2995 ης
641 2887 803 2972 μέμνηται
817 2886 996 2956 Πλάτων’
979 2914 1018 2956 εν
1030 2885 1171 2995 Νόμοις

150 2963 314 3036 είιιύν·”
293 2996 313 3077 η
329 2986 423 3076 τρεῖς
430 2969 558 3059 κύβους
570 2971 769 3072 βάλλοντες,
784 2972 937 3040 τουτέστι
950 2986 1039 3078 τρεῖς
1055 2973 1171 3079 μονά-

150 3057 221 3132 δας.
259 3053 366 3159 κύβον
381 3055 444 3162 γάρ
459 3074 543 3142 φασι
558 3058 704 3142 διχάςέλ
707 3079 800 3140 εγον,
831 3051 914 3125 αύτό
936 3051 1031 3124 τετὸ
1054 3051 1171 3145 ἄναρ-

150 3135 405 3246 ριπτούμενον,
414 3137 497 3208 ὅθεν
515 3145 675 3226 παροιμία
693 3133 831 3243 τραγικὴ
845 3138 898 3208 τό

302 3217 354 3290 άεὶ
367 3218 463 3332 γάρ
447 3250 486 3291 ευ
473 3213 681 3291 πίπτουσιν
696 3226 731 3290 οί
740 3218 823 3302 Διὸς
837 3221 953 3330 κύβοι·
1177 3251 1199 3290 ιι

151 3303 206 3404 καὶ
229 3301 291 3390 τὴν
311 3307 349 3372 ἐν
371 3304 462 3397 αύτςο
448 3305 630 3406 μονάδα.
653 3301 749 3412 ύβεν
770 3305 932 3412 λυθείη”
910 3334 953 3375 αν
961 3329 1093 3396 ,φησι,
1111 3307 1171 3376 καὶ

151 3382 188 3451 τὸ
187 3386 417 3535 ζητὲιεέμενον
439 3376 480 3457 ’ἐν
502 3393 548 3480 τῷ
575 3386 665 3476 παρά
683 3385 947 3477 Ἀριστοφάνους
961 3359 1168 3483 κωμωδου-

152 3468 241 3557 με’νω
280 3496 299 3535 τ
312 3497 373 3560 χω·

459 2797 534 2884 ἓξ
513 2830 534 2890 η
556 2817 642 2908 τρεις
662 2798 846 2888 κύβους,’
827 2799 893 2870 από
915 2807 977 2872 τού
988 2810 1201 2910 μεγίστουιν
