2444 3872
530 411 534 418 *
664 403 768 506 χχ,
784 431 823 484 p
895 366 1110 526 isso?

264 616 307 702 o.
340 619 579 704 souuour
608 578 948 710 uuuuournnr

127 799 246 902 DE
299 803 531 904 VITA
587 803 1099 909 CAESARUM

520 995 658 1062 LIBER
682 995 722 1060 V.

365 1153 538 1228 mvus
572 1155 860 1234 cosumus

539 1345 686 1354 ..ψη-.-

1 1555 5 1578 2
89 1539 103 1580 5
178 1502 292 1564 Patrem
320 1499 421 1564 Claudi
450 1502 584 1565 caesaris
612 1504 749 1581 Drusum,
784 1505 851 1564 olim
877 1504 1025 1565 Decimum
1048 1525 1141 1578 mox]

111 1585 259 1650 Neronem
276 1589 478 1666 praenomine,
505 1588 604 1665 Livia,
634 1606 696 1648 cum
712 1589 845 1666 Augusto
861 1588 982 1666 gravida
1003 1593 1115 1670 nupsis-

111 1681 173 1747 set,
204 1674 278 1731 intre
303 1689 431 1732 mensem
454 1674 567 1732 tertium
595 1673 726 1752 peperit,
761 1673 871 1752 fuitque
901 1675 1046 1751 suspicio,
1078 1695 1117 1738 en

1 1815 4 1820 .
110 1756 215 1816 vitrico
228 1773 282 1835 per
297 1755 429 1817 adulterii
445 1755 683 1816 consuetudinem
697 1765 894 1835 procreatum.
922 1756 1022 1818 Statim
1036 1770 1115 1820 certe

111 1839 247 1920 vulgatos
262 1849 308 1900 est
322 1857 440 1900 versus:

1 1999 2 2002 Ἴ
76 1952 101 1995 20
319 1927 389 1995 Τοῖς
406 1914 561 2000 εὐτυχοῦσι
576 1921 626 1983 καὶ
645 1925 771 2002 τρίμηνα
785 1923 898 1984 παιδία.

110 2011 139 2072 ls
157 2007 267 2068 Drusus
292 2009 320 2066 in
338 2016 511 2086 quaesturae
537 2016 748 2087 praeturaeque
774 2009 886 2069 honore
910 2008 968 2068 dux
991 2011 1116 2090 Raetici,

1 2133 3 2166 t
111 2091 216 2157 deinde
246 2091 407 2152 Germanioi
435 2090 506 2152 belli
536 2089 682 2152 Oceanum
713 2092 979 2171 septemtrionalem
1008 2097 1118 2173 primus

1 2179 2 2228 ἒ
109 2179 305 2241 Romanorum
330 2174 433 2236 dueum
452 2177 600 2252 navigavit
621 2185 759 2256 transque
779 2176 911 2238 Rhenum
931 2177 1028 2240 fossas
1048 2181 1118 2240 novi

16 2263 19 2269 “
112 2271 142 2323 et
163 2261 293 2322 immensi
314 2261 414 2338 operis
437 2259 553 2336 effecit,
584 2278 657 2339 quae
684 2279 760 2321 nuno
785 2259 877 2321 adhuc
900 2259 1043 2323 Drusinae
1065 2283 1116 2324 vo·

76 2367 102 2408 ro
115 2354 223 2408 cantur.
268 2343 388 2405 Hostem
409 2345 494 2404 etiam
515 2344 685 2422 frequenter
705 2361 820 2405 caesum
844 2363 880 2405 ae
901 2347 1014 2424 penitus
1032 2346 1061 2405 in
1076 2349 1116 2406 in-

110 2433 195 2492 timas
222 2427 392 2489 solitudines
422 2436 516 2488 actum
542 2446 599 2489 non
629 2429 709 2507 prius
734 2427 842 2488 destitit
872 2429 1001 2506 insequi,
1033 2447 1118 2508 quam

112 2514 230 2594 species
245 2511 388 2586 barbarae
410 2513 559 2588 mulieris,
585 2512 705 2573 humana
729 2511 867 2590 amplior,
897 2514 1040 2571 victorem
1057 2521 1117 2574 ten·

1 2625 2 2630 ¹
112 2599 184 2660 dere
200 2596 272 2657 ultra
290 2601 425 2657 sermone
441 2596 541 2657 Latino
559 2594 765 2674 prohibuisset.
797 2595 876 2670 Quas
893 2593 931 2656 ob
947 2613 996 2655 res
1013 2596 1118 2657 ovandi

1 2681 2 2706 ³
112 2686 158 2743 ius
181 2690 210 2742 et
229 2679 411 2760 triumphalia
434 2688 600 2740 ornamenta
621 2679 766 2760 percepit;
798 2697 833 2738 ao
858 2687 926 2758 post
954 2687 1125 2758 praeturam·

75 2787 102 2828 ro
113 2767 267 2828 confestim
278 2765 350 2824 inito
373 2764 523 2824 consulatu
540 2771 624 2842 atque
640 2762 826 2842 expeditione
842 2764 983 2843 repetita,
1015 2780 1116 2843 supre-

1 2879 2 2886 ¹
111 2867 186 2912 mum
202 2849 277 2910 diem
301 2846 403 2909 morbo
420 2849 491 2908 ohiit
511 2849 540 2906 in
564 2848 681 2907 aestivis
697 2847 817 2924 castris,
849 2865 924 2927 quae
940 2865 978 2907 ex
992 2864 1029 2907 eo
1046 2847 1116 2908 Soe-

0 2945 1 2950 ’
110 2937 203 2996 lerata
219 2943 284 2994 sunt
304 2932 461 3012 appellata.
507 2929 623 3010 Corpus
642 2931 703 2992 eius
724 2949 779 3010 per
799 2932 1018 3010 municipiorum
1036 2931 1116 2992 eolo·
1219 2926 1221 2932 ’

0 3023 1 3078 ]
111 3023 280 3098 nicrumqne
303 3019 462 3096 primores,
492 3015 716 3094 suscipientibus
736 3013 829 3076 obviis
851 3014 1008 3076 scribarum
1031 3014 1116 3076 decu·

1 3098 2 3145 3
111 3108 168 3182 ris,
199 3104 235 3166 ad
252 3101 353 3162 urbem
375 3100 527 3161 devectum
550 3100 751 3179 sepultumque
770 3107 815 3158 ost
836 3100 865 3159 in
883 3115 985 3178 campo
1001 3097 1115 3158 llartio.

1 3231 2 3262 3
75 3206 101 3246 us
113 3188 250 3251 Ceterum
275 3188 422 3247 exercitus
443 3183 627 3245 honorarium
651 3185 678 3244 ei
698 3182 834 3244 tumulum
854 3183 1007 3257 excitavit,
1038 3182 1117 3241 circu

1 3293 2 3312 l
113 3291 199 3354 quem
213 3273 355 3350 deinceps
369 3277 443 3330 stato
462 3269 508 3328 die
524 3276 594 3348 quot
611 3269 693 3328 annis
714 3267 798 3328 miles
819 3267 991 3327 decurreret
1011 3262 1115 3324 Gallia·
1142 3257 1151 3335 l

1 3367 2 3442 t
110 3376 231 3438 rumque
258 3357 390 3416 civitates
415 3352 532 3434 publice
560 3351 768 3432 supplicarent.
812 3351 969 3413 Praeterea
1001 3355 1117 3408 senatos

1 3457 2 3496 i
110 3447 186 3504 inter
201 3442 258 3502 alia
273 3439 424 3518 complura
442 3455 633 3499 marmoreum
648 3455 746 3498 arcum
764 3455 827 3498 eum
845 3430 976 3576 tropppis
991 3431 1039 3490 via
1056 3428 1116 3510 Ap-
