2444 3872
283 595 343 689 o.
375 595 617 680 sonions
644 590 985 682 rsnnoomm

166 781 284 882 DE
336 773 569 883 VITA
624 773 1141 884 CAESARUM

547 970 685 1036 cinna
703 969 767 1038 ιιι.

493 1131 817 1210 r1ann1os
876 1095 897 1128 ⁷

579 1323 728 1332 —-.„...-.

125 1495 141 1548 1
214 1482 337 1546 Patricia
357 1499 432 1560 gens
447 1479 566 1543 Claudia
587 1481 657 1562 (luit
670 1481 746 1542 enin
761 1491 791 1542 et
805 1483 861 1544 alia
875 1479 1006 1561 plebeia,
1027 1498 1084 1542 nec
1100 1499 1152 1562 po·
1177 1512 1190 1552 ι

151 1569 239 1630 tentia
260 1567 353 1630 minor
373 1585 430 1628 nec
446 1565 600 1646 dignitate)
625 1575 687 1626 orta
704 1576 749 1626 est
764 1584 802 1628 ex
815 1565 956 1644 Regillis,
977 1563 1088 1644 oppido
1104 1568 1155 1630 Sa·

150 1652 293 1716 binorum.
313 1651 385 1712 lude
399 1649 520 1712 Romam
534 1669 639 1729 recens
656 1649 799 1711 conditam
812 1668 877 1711 cum
888 1667 993 1728 magna
1008 1649 1156 1712 clientium

150 1757 235 1800 manu
249 1737 455 1815 conmigrauit,
477 1744 597 1797 auctore
613 1735 677 1795 l'ito
696 1735 779 1796 l’atio
797 1743 935 1796 consorte
950 1733 1081 1814 Romuli,
1096 1737 1156 1814 rel,

21 1811 24 1820 ’
151 1821 229 1904 quod
242 1821 335 1900 magis
348 1829 474 1897 constat,
490 1817 695 1898 Attpsslaudio
709 1820 806 1897 gentis
823 1818 966 1898 principe,
982 1827 1051 1899 post
1066 1809 1157 1899 reges

131 1967 134 1976 ,
151 1914 274 1968 exactos
293 1915 378 1968 sexto
397 1905 462 1965 lere
481 1923 571 1974 ιιιιιος
588 1914 674 1984 atque
691 1905 721 1964 in
738 1903 874 1983 patricias
892 1911 1040 1982 cooptata,
1052 1921 1190 1982 agrumao

150 1992 271 2070 iusuper
281 1999 359 2052 trans
370 1987 513 2051 Anienem
527 1987 679 2049 clientibus
690 1988 843 2068 locumque
856 1986 911 2048 sibi
925 1985 962 2047 ad
977 2006 1010 2048 se
1032 1987 1157 2052 ulturum

152 2073 204 2136 sub
222 2073 367 2154 Capitolio
382 2073 498 2152 publice
515 2073 640 2151 accepit.
665 2072 815 2151 Deinceps
826 2090 920 2153 proce
941 2082 1009 2134 ente
1020 2079 1157 2154 ternpore

152 2157 366 2235 duodetriginta
379 2157 556 2236 consulatus,
565 2155 723 2219 dictaturas
734 2159 869 2237 quinque,
880 2173 1018 2219 censuras
1030 2165 1156 2237 septem,

151 2239 310 2320 triumphos
327 2258 399 2317 sex,
422 2241 491 2302 duas
507 2241 659 2303 ovationes
673 2242 779 2322 adepta
792 2250 848 2304 ost.
878 2239 949 2302 oum
962 2243 1156 2321 praenomini-

151 2324 206 2386 bus
220 2324 497 2404 cognominibusque
517 2327 607 2386 variis
627 2325 866 2404 distingueretur,
886 2323 956 2388 Luci
976 2343 1158 2405 praenomen
1167 2343 1192 2383 ιι

151 2425 297 2471 consensu
313 2409 491 2488 repudiavit,
515 2419 667 2490 postquam
683 2428 700 2471 e
718 2409 830 2472 duobus
844 2409 1000 2490 gentilibus
1016 2410 1157 2490 praeditis

20 2537 23 2544 -
152 2510 189 2554 eo
208 2494 283 2556 alter
303 2493 462 2571 latrocinii,
486 2493 585 2555 caedis
606 2495 679 2556 ulter
697 2497 848 2556 convictus
864 2504 918 2556 est..
948 2493 1028 2556 luter
1045 2513 1157 2574 cogno·
1210 2543 1211 2564 ,

11 2647 22 2664 ἵ,
43 2650 56 2666 Α,
149 2579 225 2640 mina
242 2587 336 2640 autem
350 2586 379 2638 et
393 2577 520 2658 Neronis
535 2579 704 2660 assumpsit,
725 2597 783 2658 quo
798 2580 976 2657 significatur
990 2577 1090 2656 lingua
1105 2577 1157 2640 Sa·
1206 2565 1211 2622 l

150 2661 218 2722 hina
232 2661 316 2739 fortis
331 2681 367 2721 ac
382 2671 525 2724 strennus.

87 2741 92 2751 '
124 2759 142 2812 ι
212 2743 302 2806 llulta
317 2745 471 2807 multorum
488 2747 670 2809 Claudiorum
685 2748 808 2826 egregia
822 2748 938 2824 merita,
963 2746 1051 2810 multe
1069 2749 1189 2810 etiamne

151 2828 269 2907 sequius
291 2829 414 2890 admissa
428 2831 457 2890 in
473 2851 534 2892 rem
550 2850 578 2912 p.
594 2841 702 2892 extant.
734 2831 793 2893 Sed
807 2840 839 2891 ut
853 2832 1013 2914 praecipua
1028 2849 1157 2895 comme

150 2928 277 2990 morem,
293 2913 406 2996 Appius
422 2913 535 2977 Caecus
549 2917 721 2977 societatem
736 2934 799 2976 oum
814 2934 887 2994 rege
902 2915 994 2992 Pyrro
1009 2923 1040 2974 ut
1054 2933 1158 2996 parum

151 2994 297 3058 salubrem
311 2995 376 3056 iniri
391 2995 534 3061 dissuasit.
564 2998 698 3062 Claudius
711 2999 830 3062 Caudex
846 3003 953 3080 primus
968 3001 1045 3061 lreto
1059 2999 1158 3062 classe

151 3080 273 3141 traiecto
295 3081 411 3142 Poenos
432 3084 531 3145 Sicilia
551 3085 671 3166 expulit.
705 3084 768 3146 l'ih.
789 3083 871 3146 Nero
893 3083 1098 3152 aduenientem
1120 3103 1158 3145 ex

150 3162 289 3244 llispania
317 3184 380 3226 cum
405 3167 569 3246 ingentibus
595 3169 687 3248 copiis
710 3167 935 3248 Hasdrubalem,
963 3168 1043 3249 prius
1069 3185 1191 3249 quamas

149 3247 286 3312 Annibali
307 3251 388 3312 fratri
413 3253 652 3330 coniungeretur,
684 3253 841 3334 oppressit.
885 3251 994 3314 Contra
1017 3251 1158 3315 claudius

150 3331 345 3412 Regilliauns,
360 3333 508 3397 decemvir
523 3336 639 3414 legibus
654 3336 826 3414 scribendis,
842 3338 985 3416 virginem
999 3337 1158 3415 ingenuam
1210 3347 1211 3356 ’

152 3431 206 3493 per
220 3418 278 3478 vim
292 3418 419 3481 libidinis
433 3421 528 3500 gratia
541 3421 570 3480 in
585 3423 753 3481 servitutem
767 3423 903 3482 asserere
920 3430 1051 3500 conatus,
1068 3438 1160 3487 causa
