2408 3870
442 235 650 285 Pnssrtrro.
925 239 991 288 LIII

144 395 174 449 ln
190 396 243 450 huo
259 390 373 450 raritate
390 395 556 466 scriptorum
575 397 764 467 exemplorum
781 397 856 469 typis
873 413 983 470 quoque
1000 406 1117 451 mitten·

79 479 282 551 Impressornm
299 479 372 534 ratio
389 480 515 535 habenda
533 484 592 546 est,
613 495 703 550 eoque
720 480 809 552 rnugis
825 481 897 550 qnod
914 497 985 538 surr-

79 563 137 635 ptis
151 567 243 617 aetate
256 561 387 633 supparia
403 567 466 616 sunt
480 568 509 616 et
526 563 688 633 exscriptis
702 563 848 618 codicibus
866 563 986 621 ddeliter

79 644 213 717 repetita.
258 644 479 716 Diligentissima
498 645 583 716 igitur
596 645 814 718 investigatione
834 663 885 718 per
898 646 987 719 plurl-

79 725 140 784 mss
157 727 347 784 bibliothecas
370 728 442 784 laeta
459 743 513 799 ego
530 731 558 783 et
573 729 653 784 smiei
672 736 730 786 tres
749 729 888 786 editiones
909 731 989 786 inve-

79 812 173 867 nimus
202 811 404 883 principum
435 812 545 867 nornine
577 813 773 884 appellandas,
804 814 878 884 quod
912 829 990 869 suunt

80 911 211 966 quaeque
240 895 373 966 seriptum
403 894 501 950 lilinum
527 895 669 966 sequitur,
700 896 860 953 rarissimus
884 911 990 952 omnes.

79 977 259 1036 Hominemne
275 977 430 1046 Incertam,
445 978 596 1047 Venetam,
613 979 810 1034 Florentinum.

146 1062 317 1117 Incertae
338 1059 490 1130 editionis,
520 1077 591 1132 quae
618 1062 713 1119 urbem
736 1077 832 1118 annum
856 1067 989 1134 typogrs-
1018 1071 1101 1120 teret·

79 1148 165 1219 plnum
183 1159 315 1215 nusquam
335 1143 447 1216 prodit,
470 1141 595 1217 exempla
616 1143 693 1201 loliis
713 1145 763 1202 XV
777 1151 905 1202 constant
921 1162 990 1217 qus-

80 1228 216 1285 ternariis
230 1227 432 1282 versiculorum
446 1227 542 1283 xxiv.
587 1227 694 1284 Titulus
710 1225 871 1285 meinsoulis
888 1229 990 1288 litteris

79 1313 127 1368 hic
147 1317 205 1369 est:
228 1309 351 1366 Suetonii
365 1310 521 1382 Tranquilli
542 1312 576 1367 dc
594 1305 599 1388 l
617 1316 804 1384 grammaticis
831 1320 857 1366 rt
878 1312 990 1380 rhetori]

81 1396 132 1450 drus
146 1393 309 1450 clarissimis
323 1394 427 1450 libellus
441 1394 577 1466 foeliciter
593 1397 695 1464 incipit.
727 1403 884 1468 postremus
899 1396 989 1452 versi-

82 1479 162 1534 culus
179 1479 242 1534 hie:
266 1478 332 1536 oto.
363 1475 474 1533 B'INIS
492 1477 612 1533 AMEN.
647 1479 830 1549 Gottingense
846 1480 991 1551 exemplar

84 1561 179 1618 Osann
196 1560 375 1631 compararit,
393 1560 605 1631 Stuttgsrtinum
627 1561 816 1618 Brenoisoi
833 1562 991 1618 Pleiller

82 1645 117 1699 V.
140 1643 171 1700 G.
198 1643 389 1699 beniuolentia
412 1646 602 1710 transmissum
625 1661 694 1715 ego:
730 1653 877 1718 praeterea
899 1650 1017 1701 exstat

82 1727 212 1783 venetiis
227 1727 254 1781 in
270 1723 340 1781 lnibl.
353 1726 500 1785 Marciano.
542 1726 672 1785 Prodiese
690 1729 881 1801 bibliographi
898 1729 991 1784 Vene-

83 1811 385 1870 tiisoiroitera.14'lt
404 1827 439 1866 ex
459 1811 571 1868 officina
585 1809 692 1868 Nicolsi
713 1813 814 1868 leusen
833 1812 992 1885 opinentur,

84 1892 411 1950 mavulthumanissimns
425 1895 603 1967 Iosephus
621 1894 871 1950 valentinelli
887 1894 993 1951 Medio

83 1979 227 2034 lunensem
245 1975 374 2032 arbitrari
381 1971 426 2051 ⁸¹).

148 2062 320 2117 Venetam
343 2061 494 2117 editionem
515 2074 575 2116 enm
592 2062 718 2118 llodesto
734 2062 770 2117 de
789 2077 821 2117 rs
836 2059 947 2118 militari
964 2065 993 2116 at
1015 2068 1100 2114 vestu

85 2146 184 2202 libello
206 2144 240 2200 de
257 2144 466 2214 magistratibus
484 2145 658 2202 coniunctam
677 2146 878 2217 impresserunt
897 2143 990 2202 Barth.

86 2225 284 2285 cremonensis
308 2244 341 2282 sc
358 2229 453 2292 Barth.
483 2229 517 2284 de
540 2227 625 2284 (tarto
647 2228 838 2286 versellensis
865 2227 992 2284 consocii

85 2310 212 2368 venetiis
229 2327 253 2368 a.
272 2305 392 2383 tw),
406 2312 549 2384 inscripsit
565 2311 803 2369 Reuerendissimo
817 2312 925 2366 mino
944 2311 992 2366 do-

86 2475 144 2524 bilrl.
162 2474 223 2523 bibl.
242 2474 255 2522 1
273 2488 298 2539 p.
315 2473 376 2524 524.
405 2499 437 2510 -
464 2473 622 2524 Florentiuus
647 2475 672 2522 in
691 2474 862 2524 Laurentisne
876 2473 940 2538 plot.
959 2471 994 2524 89

87 2544 141 2592 cod.
158 2541 176 2592 8
194 2541 317 2592 Caesares
332 2556 432 2608 quoque
449 2540 560 2592 Suetonii
578 2544 697 2604 continet,
715 2541 762 2592 sed
777 2541 804 2591 lu
820 2539 993 2592 Grammaticls

87 2627 110 2676 p.
126 2611 193 2670 265,
213 2611 224 2658 1
243 2617 301 2675 post
318 2609 450 2660 Hietnitio
469 2609 560 2663 deficit.
584 2629 615 2648 ·—
636 2609 833 2676 Neapolitanus,
856 2607 914 2659 ollm
933 2607 998 2657 Fen·

88 2680 207 2730 nesianus
226 2677 289 2738 121,
311 2677 386 2728 hodie
403 2674 549 2728 inscribitur
566 2679 630 2729 Bibl.
650 2679 714 2744 Reg.
732 2677 775 2728 IV.
800 2693 822 2729 e.
841 2677 883 2730 21.
900 2702 933 2712 -
956 2675 993 2725 De

88 2746 238 2806 floruisset,
255 2746 297 2812 qui
314 2745 372 2795 olim
388 2747 490 2798 Ioannis
507 2745 625 2796 Grumenti
645 2745 700 2806 luit,
717 2745 762 2796 cir.
783 2747 896 2796 Arntreu
910 2742 991 2812 prael.

89 2817 119 2865 ad
135 2817 197 2866 Aur.
217 2815 353 2866 Victorem.

155 2881 201 2946 31)
222 2883 345 2932 Venetam
366 2883 432 2932 enim
451 2883 594 2948 exemplum
615 2883 695 2934 class.
715 2882 785 2946 XlV,
806 2884 855 2934 176
881 2895 932 2931 uno
949 2894 994 2931 vo-

89 2954 181 3002 lumine
200 2952 346 3017 colligatum
364 2960 401 3001 ost
420 2965 475 3000 oum
494 2951 675 3001 Mediolanensi
691 2951 774 3016 allquu
788 2951 897 3000 editione
916 2949 994 3014 (Hain

90 3037 129 3075 no.
151 3020 234 3082 6961)
254 3021 325 3069 euius
346 3017 556 3085 typographicam
575 3032 676 3085 qnoque
693 3020 803 3086 speeiem
822 3017 909 3068 refert.
948 3017 995 3068 Ce-

89 3100 167 3141 terum
191 3089 312 3153 repetivit
332 3095 357 3138 et
379 3088 521 3137 emendavit
541 3089 663 3138 Incertam
688 3087 822 3137 editionem
846 3085 994 3145 Beroaldus,

16 3159 19 3166 '
90 3169 114 3209 ut
131 3159 218 3208 Ierttnt
234 3156 363 3206 Bononiae
382 3171 405 3205 a.
428 3154 508 3217 15043
534 3170 616 3220 neque
637 3155 704 3205 enim
729 3157 788 3205 nori
810 3155 858 3205 niel
876 3152 995 3219 Brlburgi

14 3541 17 3576 l

91 3230 217 3277 inventam
230 3226 411 3291 repetitionem,
426 3237 500 3288 quarn
515 3224 548 3274 M.
560 3222 709 3274 Sohurerius
719 3223 883 3290 Argentorati
894 3237 917 3272 a.
929 3219 996 3271 1510

91 3298 169 3345 emisit
184 3309 221 3344 em
233 3296 398 3356 castigatione
415 3293 526 3356 Pitttppt
537 3291 672 3348 Beronice-
688 3293 734 3345 olr.
749 3291 867 3342 Schrdter
883 3290 916 3338 ad
928 3290 993 3342 Aur.

92 3364 217 3412 Victorum
236 3362 268 3412 de
286 3361 348 3411 viris
365 3361 505 3411 illustribus
523 3377 549 3428 p.
566 3359 624 3411 Xll.
646 3360 764 3412 Beroaldi
780 3361 860 3426 igitur
876 3353 994 3407 emenda-

93 3433 170 3481 tiones
187 3447 203 3481 e
220 3430 320 3480 nemine
338 3439 544 3479 commemoratas
561 3445 593 3479 ex
610 3427 658 3478 hae
673 3430 822 3494 repetitione
840 3424 957 3491 cognovi.

156 3501 203 3566 32)
221 3499 291 3548 Idem
307 3498 450 3562 exemplum
467 3498 590 3548 Maittaire
606 3497 753 3561 descripsit,
769 3495 797 3548 P.
810 3494 930 3543 Pithoeus
943 3489 994 3539 uisl

962 481 970 496 ·
1005 458 1116 514 prinsipes
1200 511 1201 529 ἶ
