2444 3872
541 229 571 278 C.
595 229 781 281 contonat.
1099 219 1159 280 123

155 386 330 464 'l'rausitque
347 386 382 447 ad
392 386 547 446 Antoniam
558 387 650 446 auiam
666 394 695 445 et
707 385 943 445 undevicensimo
955 386 1058 445 aetatis
1072 401 1157 464 anno,

157 472 268 530 accitus
285 467 415 549 Capreas
431 488 449 530 a
469 469 597 548 Tiberio,
615 486 671 530 uno
687 478 772 548 atque
790 467 894 528 eodem
909 468 955 528 die
970 478 1068 546 togam
1084 487 1155 529 sum·

2 627 3 638 ¹
157 555 215 634 psit
226 552 403 634 barbamque
418 554 525 633 posuit,
539 555 602 614 sine
612 553 673 613 ullo
684 551 796 615 honore
810 552 903 632 qualis
914 553 1076 630 contigerat
1088 554 1157 615 tiro·

2 643 3 654 ’
110 677 113 681 -
158 639 234 698 ciuio
257 637 377 698 fratrum
399 641 471 698 eius.
515 637 570 698 llic
591 636 723 698 omnibus
740 637 850 696 insidiis
864 644 1019 715 temptatus
1039 635 1158 698 elician-

129 740 143 780 a
158 724 226 782 tium
245 723 470 801 cogentiumque
485 741 517 782 se
539 721 576 782 ad
591 721 737 800 querelas,
756 721 863 782 nullam
877 737 1009 800 umquam
1024 723 1157 781 occasio·

47 873 49 878 ,
156 823 223 866 nem
238 805 326 882 dedit,
342 806 461 884 perinde
473 805 628 866 obliterato
641 822 757 865 suorum
771 822 840 865 casu
852 823 887 866 ac
903 807 928 865 si
943 803 1012 865 nihil
1025 806 1159 884 cuiquam

156 890 327 960 accidisset;
337 908 413 969 quae
423 907 495 950 vero
507 891 572 969 ipse
585 898 745 968 pateretur,
756 888 919 949 incredibili
931 887 1159 949 dissimulatione

155 975 353 1035 transmittens
366 976 497 1052 tantique
511 975 540 1032 in
554 991 639 1034 avum
655 981 684 1032 et
703 975 751 1052 qui
771 974 850 1033 iuxta
865 981 947 1033 erant
962 971 1113 1050 obsequii,
1127 983 1159 1032 ut

155 1059 371 1118 necimmerito
389 1059 426 1118 sit
441 1057 556 1134 dietum,
569 1043 636 1136 lado
651 1049 774 1116 ameum
791 1053 949 1118 musanen
962 1055 1076 1134 ullum,
1101 1061 1159 1118 odo

23 1126 95 1216 Μ
112 1149 147 1204 'no
158 1127 515 1231 de‘tdn'oi'ehssdomiuum
532 1141 642 1220 sumac.
676 1139 812 1201 Naturam
826 1149 922 1202 tamen
936 1159 1055 1202 saevam
1070 1149 1157 1220 atque
1166 1144 1199 1198 11

156 1225 331 1307 probrosam
346 1243 384 1286 ne
398 1235 467 1286 tuuc
483 1224 600 1304 quidem
615 1223 746 1284 inhibere
760 1233 888 1304 poterat,
903 1226 972 1303 quin
988 1233 1018 1284 et
1033 1224 1157 1286 animad-

156 1308 340 1370 versionibus
356 1311 517 1389 poenisque
532 1309 568 1370 ad
582 1309 755 1389 supplicium
771 1309 901 1369 datorum
917 1306 1101 1388 cupidissime
1117 1311 1158 1369 iu·

155 1401 302 1470 teresset,
327 1403 356 1453 et
377 1411 489 1470 ganeas
510 1401 598 1472 atque
613 1393 754 1454 adulteria
775 1392 979 1472 capillamento
1002 1393 1112 1453 celatus
1128 1400 1160 1452 et

156 1487 242 1538 reste
256 1477 345 1554 longa
361 1476 495 1538 noctibus
511 1476 616 1554 obiret,
629 1494 665 1538 ac
680 1479 833 1536 scaenicae
843 1475 966 1538 saltandi
978 1477 1159 1555 canendique

120 1571 236 1628 martes
259 1561 469 1621 studiosissime
493 1569 660 1641 appeteret;
691 1560 779 1620 lacile
804 1559 833 1620 id
854 1579 924 1621 sane
945 1559 1063 1621 Tiberio
1084 1561 1157 1639 pati·

158 1655 237 1722 ente,
261 1647 285 1704 sl
309 1661 365 1722 per
385 1645 439 1705 hae
461 1645 646 1706 mansuefieri
667 1652 772 1723 posset
795 1645 888 1704 lerum
913 1647 975 1703 eius
999 1645 1157 1722 ingenium.

157 1729 244 1804 Quod
261 1731 467 1806 sagacissimus
479 1746 572 1788 senex
585 1729 626 1789 ita
644 1744 764 1805 prorsus
781 1737 985 1807 perspexerat,
1001 1737 1032 1787 ut
1047 1728 1156 1805 aliquo·

155 1815 232 1874 deus
245 1812 438 1890 praedicaret,
456 1814 544 1872 exitio
559 1829 613 1872 suo
628 1813 811 1890 omniumque
831 1810 930 1873 Gaium
953 1812 1055 1870 vivere
1073 1821 1103 1870 et
1123 1829 1157 1871 se

154 1897 295 1957 uatmcem
314 1897 472 1975 [serpentis
487 1895 516 1956 id
530 1896 636 1973 genus]
654 1894 685 1955 P.
705 1896 741 1957 R.
761 1894 970 1956 Phaethontem
986 1892 1050 1954 orbi
1065 1904 1157 1954 terra·

118 1995 217 2040 aarum
233 1979 368 2040 educare.
1164 1973 1182 2025 ³³¹

216 2063 282 2123 Nou
303 2065 342 2122 ita
361 2064 450 2124 multo
473 2072 541 2143 post
556 2063 666 2123 Iuniam
683 2061 852 2124 Claudillam
871 2063 910 2124 ti.
928 2063 1018 2123 Silani
1036 2061 1200 2130 nobilis-ln

156 2149 219 2208 simi
234 2149 289 2206 viri
303 2147 337 2206 F.
356 2149 436 2208 duxit
452 2166 581 2208 uxorem.
609 2147 723 2208 Deinde
739 2165 830 2224 augur
842 2149 870 2206 iu
884 2149 981 2207 locum
998 2147 1096 2206 fratris
1112 2147 1157 2206 sui

154 2231 243 2292 Drusi
259 2231 431 2308 destinatus,
453 2234 532 2310 prins
550 2250 634 2310 quam
656 2232 877 2308 inauguraretur
901 2231 937 2291 ad
959 2227 1158 2309 pontilicatum

155 2315 303 2376 traductus
318 2325 363 2375 est
380 2317 485 2392 insigni
503 2316 668 2375 testimonio
690 2315 807 2393 pietatis
825 2323 911 2394 atque
932 2315 1054 2392 indolis,
1080 2331 1156 2388 cum,

122 2399 272 2459 audeserta
288 2399 476 2478 desolataque
492 2398 612 2478 reliquis
634 2398 771 2458 subsidiis
786 2399 861 2476 aula,
884 2399 989 2458 Seiano
1010 2401 1065 2457 iarn
1088 2407 1157 2457 tuno

156 2491 296 2561 suspecto
308 2499 377 2543 mox
388 2493 417 2542 et
429 2500 586 2562 oppresso,
599 2483 635 2542 ad
652 2500 733 2562 spem
746 2484 943 2541 successionis
957 2481 1093 2560 paulatim
1108 2480 1156 2541 ad·

154 2574 334 2626 moveretur,
376 2567 468 2641 Quam
490 2583 547 2645 quo
571 2566 884 2644 magis‘conlirmaret,
905 2567 1009 2625 amissa
1023 2564 1103 2624 Iunia
1118 2581 1157 2623 ex

155 2659 249 2730 partu,
265 2649 386 2720 Enniam
401 2650 550 2726 Naevium,
566 2651 711 2711 blacrouis
728 2666 859 2726 uxorem,
879 2650 927 2727 qui
942 2658 999 2708 turn
1013 2649 1156 2727 praetori-

156 2735 219 2794 anis
235 2734 403 2794 cohortibus
415 2743 561 2813 praeerat,
576 2733 742 2795 sollicitavit
754 2732 790 2792 ad
805 2742 944 2810 stuprum,
960 2731 1109 2810 pollicitus
1126 2741 1155 2790 et

119 2818 365 2878 aomatrimonium
385 2835 480 2894 suurn,
502 2819 526 2876 si
547 2819 656 2897 potitus
676 2817 798 2895 imperio
822 2817 938 2885 luisset;
960 2816 1055 2894 deque
1071 2835 1106 2876 ea
1121 2833 1154 2875 re
1219 2829 1220 2832 ’

156 2909 187 2960 et
201 2903 263 2960 iure
281 2901 400 2961 iurando
425 2911 454 2961 et
476 2901 672 2980 chirographo
693 2901 778 2958 cavit.
823 2901 880 2961 Per
901 2900 976 2959 hanc
996 2901 1155 2960 insinuatus

155 2984 299 3062 blaoronl,
314 3001 427 3046 veneno
443 2984 589 3062 Tiberium
605 2985 761 3061 adgressus
777 2993 835 3062 est,
857 2994 888 3044 ut
902 2984 1016 3063 quidam
1035 2985 1154 3062 opinan-

154 3077 211 3146 tur,
229 3069 406 3148 spirantique
423 3069 516 3128 adhuc
537 3068 649 3128 detrahi
665 3067 777 3127 anulum
792 3061 845 3146 et,
861 3069 994 3146 quonlam
1012 3068 1155 3145 suspicio·

81 3216 85 3222 ,
154 3169 222 3210 nem
236 3153 387 3212 retinentis
406 3152 507 3227 dabat,
525 3153 671 3230 pulvinum
686 3153 770 3210 iussit
784 3153 868 3229 inici,
891 3160 978 3230 atque
994 3153 1080 3211 etiam
1094 3151 1156 3210 fau-

121 3249 210 3294 uuces
224 3253 309 3296 manu
324 3254 376 3296 sua
389 3236 549 3315 oppressit,
560 3236 681 3311 liberto,
699 3236 748 3312 qui
764 3235 801 3294 ob
818 3240 1000 3296 atrocitatem
1015 3235 1157 3294 facinoris

135 3317 385 3397 exclamaverat,
408 3321 562 3380 confestim
581 3321 611 3378 iu
632 3336 748 3378 crucem
768 3328 844 3380 acto.
894 3316 958 3377 Nec
982 3317 1119 3378 abhorret
1139 3334 1157 3376 a

137 3407 140 3452 ἶ
155 3403 289 3480 veritate,
304 3419 368 3462 cum
380 3404 436 3463 siut
450 3403 564 3483 quidam
577 3412 723 3477 auctores,
739 3415 834 3481 ipsum
846 3410 950 3481 postea
973 3402 1027 3460 etsi
1042 3418 1100 3460 non
1117 3399 1155 3458 de

156 3487 304 3566 perfecto,
316 3496 344 3547 at
356 3496 438 3546 certe
450 3487 485 3548 de
500 3489 627 3565 cogitato
641 3485 784 3565 quondam
800 3483 954 3565 parricidio
972 3485 1155 3564 professum
