2412 3876
90 199 133 262 58
172 212 201 260 0.
221 210 373 259 SUETONI
394 209 523 270 uberto.
539 209 587 258 DE
601 211 685 259 VITA
702 210 887 259 cessabunt
903 211 974 259 1213.
995 213 1035 259 11.
1083 247 1087 257 ι

90 373 175 444 rect,
191 372 237 428 ter
253 373 283 428 et
300 365 405 425 uicies.
432 364 573 444 Fecitque
593 383 804 443 nonnumquam
819 366 934 425 vicatim
955 384 990 426 ac
1009 365 1101 445 pluri·

92 452 147 512 hus
169 453 283 512 scaenis
306 467 360 528 per
382 451 505 508 onmium
526 449 687 526 linguarum
709 441 866 510 histrionbs
889 449 907 486 ³*
923 449 971 486 **
991 452 1102 510 nonin

90 538 157 597 l'oro
175 535 279 612 modo,
300 552 355 593 nec
376 535 405 592 in
426 533 651 612 amphitheatro,
674 531 727 593 sed
749 535 827 592 etin
850 535 928 594 circo
953 542 982 593 et
999 535 1029 592 in
1046 533 1101 594 Se·

92 622 164 700 ptis,
186 628 215 678 et
237 617 392 697 aliquando
414 616 484 676 nihil
508 625 626 696 praeter
646 617 830 677 venationem
846 617 949 689 edidit3
974 615 1101 678 athletas

88 720 221 784 quoque,
239 704 378 763 extructis
392 703 421 760 in
437 717 539 781 campo
552 700 656 762 hlartio
672 699 812 762 sedilibus
826 699 946 780 ligneis;
963 704 1030 762 item
1046 713 1125 762 ιιι-ι

90 787 158 849 vale
173 787 332 867 proelium,
349 787 427 846 circa
445 785 572 846 Tiberim
589 795 691 846 cavato
707 784 789 863 solo,
810 787 912 866 inquo
929 804 1006 846 nunc
1023 784 1100 846 Gae-

88 890 186 934 sarum
202 889 303 932 nemus
319 878 372 930 est.
405 869 516 944 Quibus
529 867 631 930 diebus
647 869 784 931 custodes
804 872 834 930 in
854 870 926 930 urhe
943 869 1099 949 disposuit,

88 975 128 1017 ne
153 958 272 1018 raritate
297 955 504 1015 remanentium
532 954 748 1032 grassatoribus
775 953 901 1014 obnoxia
928 962 1017 1014 esset.
1065 953 1100 1012 ln

40 1044 43 1050 '
92 1042 171 1102 circo
198 1040 314 1116 aurigas
338 1054 532 1116 cursoresque
555 1046 585 1097 et
608 1037 793 1098 coniectores
813 1037 956 1116 ferarum,
981 1045 1010 1097 et
1025 1033 1098 1098 non·

88 1141 243 1203 ‘numquam
270 1141 308 1182 ex
326 1121 506 1182 nobilissima
529 1122 692 1200 iuventute,
716 1119 862 1201 produxit.
899 1122 959 1183 Sed
980 1121 1136 1182 et'l'ro·1o

88 1212 135 1270 iae
152 1209 246 1268 lusum
261 1203 350 1266 edidit
364 1205 597 1284 frequentissime
614 1207 754 1266 maiorum
770 1205 969 1286 minorumque
990 1223 1097 1286 puero·

90 1311 169 1369 rum,
187 1290 278 1370 prisci
292 1289 451 1367 decorique
467 1291 556 1349 moris
572 1291 757 1366 existimans,
778 1289 875 1350 clarae
894 1291 996 1370 stirpis
1015 1289 1097 1350 indo·

90 1377 148 1437 lem
164 1377 208 1434 sic
222 1381 389 1433 notescere.
413 1373 446 1432 ln
461 1372 519 1433 hoc
534 1371 646 1432 ludicro
661 1372 785 1434 Nonium
801 1373 996 1452 Asprenatem
1010 1371 1099 1453 lapsu

90 1457 270 1520 debilitatum
284 1474 373 1517 aureo
388 1465 493 1534 torque
506 1456 623 1517 donavit
637 1475 800 1536 passusque
821 1467 866 1518 est
887 1459 980 1538 ipsum
997 1465 1098 1536 poste·

89 1559 199 1620 rosque
226 1540 364 1620 Torquati
390 1541 468 1601 ferre
499 1558 672 1617 cognomen.
718 1541 789 1602 hlox
816 1541 901 1603 linem
932 1541 1009 1602 lecit·
1026 1540 1097 1626 tplia
1107 1551 1134 1595 1⁶

90 1625 212 1702 edendi,
228 1625 330 1685 Asinio
345 1625 477 1684 Pollione
494 1633 611 1685 oratore
628 1626 758 1702 graviter
777 1625 978 1704 inuidioseque
999 1626 1027 1684 in
1049 1643 1097 1684 cn·

89 1712 134 1772 ria
149 1719 253 1790 questo
268 1709 424 1770 Aesernini
438 1709 555 1788 nepotis
571 1709 614 1769 sui
630 1724 742 1789 casum,
764 1709 813 1788 qui
828 1711 937 1788 etipse
954 1727 1020 1769 crus
1038 1709 1097 1768 ire·

86 1803 184 1874 gerat.
533 1833 541 1844 ·

153 1877 200 1938 Ad
213 1881 346 1938 scenicas
359 1895 476 1956 quoque
490 1886 518 1937 et
528 1877 716 1955 gladiatorias
729 1885 876 1956 operaset
885 1875 1095 1956 equitibusllo·

87 1963 180 2024 manis
196 1960 350 2041 aliquando
366 1978 435 2020 usus
450 1970 504 2039 est,
519 1979 619 2021 verum
636 1962 715 2040 prius
728 1979 812 2041 quarn
827 1969 944 2021 senatus
961 1959 1131 2021 consultore
1199 2025 1202 2032 ⁴

88 2046 322 2108 interdiceretur.
356 2045 463 2105 Postea
486 2044 556 2105 nihil
576 2064 646 2105 sane
668 2054 872 2124 praeterquam
893 2043 1095 2104 adulescentu-

89 2133 148 2192 lum
162 2130 193 2190 h.
212 2128 301 2189 laium
316 2129 440 2190 honeste
455 2137 551 2189 natum
568 2128 711 2207 exhibuit,
733 2137 841 2189 tantum
860 2137 891 2188 ut
911 2125 1095 2198 ostenderem

90 2213 170 2294 quod
189 2222 251 2273 erat
269 2211 397 2290 bipedali
418 2213 527 2290 minor,
554 2212 691 2274 librarum
720 2211 928 2292 septemdecim
954 2229 989 2272 ac
1011 2213 1096 2272 vocis

89 2298 256 2358 immensae.
298 2295 429 2371 Quodam
450 2304 543 2357 autern
565 2298 691 2357 muneris
715 2295 762 2357 die
777 2296 946 2357 Parthorum
964 2293 1095 2372 obsides,

88 2392 158 2442 tunc
174 2381 295 2460 primum
310 2381 432 2456 missos,
448 2396 502 2457 per
515 2381 637 2441 mediam
655 2399 772 2442 arenam
787 2380 823 2440 ad
840 2379 1039 2460 spectaculum
1052 2381 1094 2438 in·
1104 2393 1130 2436 aa

90 2465 170 2526 duxit
196 2482 344 2544 superque
370 2482 402 2523 se
428 2462 568 2524 subsellio
595 2467 724 2526 secundo
758 2464 924 2526 collocavit.
974 2461 1096 2523 Solebat

88 2551 175 2610 etiam
197 2550 268 2609 citra
289 2547 524 2628 spectaculorum
547 2548 626 2625 dies,
650 2551 675 2608 si
697 2549 811 2628 qnando
834 2547 902 2628 quid
921 2547 1095 2608 invisitatum

91 2634 265 2711 dignumque
283 2633 400 2710 cognitu
423 2631 574 2693 advectum
596 2641 692 2709 esset,
714 2633 743 2694 id
765 2639 845 2693 extra
859 2631 1001 2692 'ordinem
1024 2647 1094 2710 quo·

89 2716 162 2777 libet
178 2717 246 2776 loco
264 2715 431 2795 publicare:
453 2726 482 2777 ut
496 2717 712 2778 rhinocerotem
727 2715 803 2796 apud
818 2716 924 2795 Septa,
946 2715 1044 2794 tigrim
1066 2715 1094 2774 iu

89 2818 213 2876 scaena,
229 2815 352 2878 anguem
370 2801 577 2879 quinquaginta
592 2798 752 2862 cubitorum
769 2817 823 2878 pro
842 2799 969 2863 comitio.
1103 2817 1129 2860 cc

153 2881 268 2943 Accidit
282 2884 389 2944 votivis
402 2881 597 2966 Circensibus,
613 2893 643 2945 ut
656 2893 809 2962 correptus
821 2881 976 2944 valitudine
988 2881 1095 2944 lectica

91 2966 200 3028 cubans
216 2975 315 3028 tensas
332 2967 504 3039 deducerem
528 2973 628 3030 rursus
644 2968 848 3030 commissione
863 2965 1013 3044 ludorum,
1032 2966 1094 3046 qui.-

90 3051 144 3111 hus
159 3049 301 3111 theatrum
314 3052 445 3114 hlarcelli
466 3052 632 3130 dedicabat,
655 3053 753 3112 evenit
771 3061 803 3112 ut
817 3052 922 3112 laxatis
937 3048 1029 3112 sellae
1040 3058 1094 3114 ,cuss

89 3135 161 3197 rulis
176 3137 366 3214 compagibus
382 3136 501 3198 caderet
515 3139 643 3217 supinus.
677 3135 824 3216 Nepotum
840 3133 958 3216 quoqne
978 3149 1094 3194 suorum

88 3237 208 3280 munere
229 3238 292 3280 curn
317 3229 530 3292 consternatum
551 3222 651 3283 ruinae
669 3229 745 3281 metu
764 3217 903 3301 populum
922 3218 1049 3280 retinere
1065 3225 1129 3287 otas

90 3305 264 3366 confirmare
284 3305 363 3365 nullo
388 3305 475 3366 modo
494 3313 611 3385 posset,
634 3306 746 3366 translit
768 3323 784 3365 e
807 3305 875 3366 loco
897 3321 949 3364 suo
964 3312 1050 3382 atque
1065 3302 1095 3362 iu

92 3405 125 3448 ea
142 3397 225 3466 parte
241 3390 386 3467 consedit,
406 3407 480 3468 quae
497 3399 634 3469 suspecta
648 3391 769 3451 maxime
784 3397 855 3450 erat.

45 3473 109 3547 esf
154 3471 312 3552 Spectandi
329 3474 559 3535 confusissimum
575 3493 609 3535 ac
626 3474 830 3534 solutissimum
843 3469 1096 3534 moremcorrexit
1204 3519 1205 3522 ι

18 3710 47 3720 ι..
