2444 3872
117 177 177 239 132
210 187 241 236 o.
256 185 405 235 suuuorm
420 183 547 244 annuo.
564 183 612 230 on
626 183 710 230 utun
725 181 910 230 causacum
925 160 994 229 cns.
1009 183 1076 230 1u1.

115 345 222 404 seriem
237 315 475 418 recognoscens,
501 337 606 398 nullius
622 339 756 418 inspecto
773 336 890 414 elogio,
917 343 997 396 stans
1013 343 1123 396 tantum

114 427 200 490 modo
231 425 306 485 intra
334 425 476 504 porticum
499 421 636 499 mediana,
662 440 684 483 c
711 421 801 483 culco
832 419 876 483 od
905 419 1028 480 coicum
1054 419 1123 481 duci
1220 429 1221 452 ¹

114 511 276 591 imperauit.
319 509 427 569 Votum
442 507 542 584 exegit
559 505 595 566 ab
611 523 664 584 eo,
697 506 745 586 qui
761 522 815 585 pro
831 503 923 565 salute
942 522 993 564 sua
1007 503 1121 582 gladia·

113 597 219 656 teriam
239 609 359 673 operam
379 591 571 672 promiserat,
599 592 803 670 spectauitque
823 588 903 648 ferro
927 586 1120 665 dimicantem,

114 698 170 740 nec
194 676 300 739 dimisit
325 677 379 736 nisi
399 676 540 736 victorem
555 682 586 735 et
606 684 674 754 post
690 674 793 736 multas
815 689 932 753 preces.
977 671 1143 750 Alterum,u

115 764 164 844 qui
184 781 218 823 se
244 761 400 842 pariturum
426 777 462 820 ea
483 756 520 820 dc
543 777 631 820 causa
648 769 787 836 voverat,
814 764 996 819 cunctantem
1021 758 1121 836 pueris

62 846 242 939 qtradidit3
278 842 466 926 veQemtum
490 842 697 921 infulatumque
725 851 822 904 votum
850 850 1044 920 reposcentes
1067 859 1123 921 pen

61 944 72 986 s
113 934 196 992 vicos
224 949 262 1008 ag
282 937 360 1007 rent,
389 925 485 1008 quoad
515 928 758 1006 praecipitaretur
784 943 821 987 ex
848 943 970 1004 aggere.
1013 924 1121 986 hlultos

113 1017 227 1079 honesti
242 1013 368 1090 ordinis,
400 1012 578 1074 deformatos
600 1011 680 1088 prius
700 1010 863 1088 stigmatum
881 1010 974 1087 uotis,
1004 1008 1040 1070 ad
1061 1027 1120 1069 me·

114 1101 183 1161 talla
206 1107 235 1158 et
252 1097 424 1158 munitiones
446 1097 555 1156 uiarum
580 1102 628 1156 aut
649 1093 685 1155 ad
700 1093 808 1154 bestias
827 1092 1044 1170 condemnavit,
1073 1101 1121 1153 aut
1131 1105 1154 1146 ro

114 1185 270 1246 bestiarum
301 1197 384 1240 more
413 1177 607 1259 quadripedes
637 1197 728 1239 cavea
757 1179 903 1253 coercuit,
934 1186 983 1238 aut
1007 1176 1120 1237 medios

115 1285 195 1329 serra
212 1265 367 1333 dissecuit;
388 1281 444 1323 neo
463 1279 564 1322 omnes
581 1262 719 1340 grauibus
738 1279 777 1322 ex
795 1263 907 1338 causis,
928 1279 1030 1321 verum
1044 1259 1119 1321 male

115 1352 152 1413 de
171 1365 289 1409 munere
315 1364 367 1408 suo
393 1349 544 1428 opinatos,
575 1346 624 1406 vel
650 1346 727 1426 quod
749 1361 900 1425 numquam
922 1363 977 1425 per
1003 1346 1121 1424 genium

114 1452 194 1496 suum
209 1433 399 1495 deierassent.
443 1430 583 1492 Parentes
602 1431 747 1510 supplicio
765 1429 889 1492 liliorum
909 1428 1054 1490 interesse
1071 1445 1120 1489 co·

113 1519 217 1598 gebat;
249 1534 369 1596 quorum
395 1517 443 1576 uni
471 1515 656 1576 valitudinem
690 1516 841 1576 excusanti
871 1513 1155 1590 lecticam'‘misit,1s

114 1604 198 1664 alium
216 1621 232 1663 a
248 1601 420 1680 spectaculo
442 1617 555 1680 poenae
572 1600 666 1679 epulis
686 1600 781 1660 statim
798 1597 927 1660 adhibuit
943 1606 1029 1677 atque
1044 1599 1122 1659 omni

115 1689 249 1750 comitate
266 1683 302 1746 ad
318 1685 490 1746 hilaritatem
510 1692 539 1744 et
555 1685 639 1744 iocos
660 1683 842 1763 provocavit.
870 1679 1042 1743 curatorem
1062 1699 1121 1741 mu-

114 1789 212 1832 nerum
235 1789 269 1832 ac
285 1770 481 1846 venationum,
509 1785 562 1847 per
581 1769 734 1828 continuos
756 1767 820 1828 dies
837 1767 865 1826 in
884 1774 1044 1847 conspectu
1067 1782 1121 1826 suo

115 1857 225 1918 catenis
241 1854 442 1932 verberatum,
465 1871 523 1913 non
546 1853 625 1932 prius
641 1851 750 1914 occidit
768 1869 852 1931 quam
872 1850 1001 1911 oliensus
1022 1857 1122 1930 putre·

114 1941 183 2002 iacti
199 1938 315 2000 cerebri
330 1937 431 2000 odore.
470 1936 624 1998 Atellanae
645 1946 761 2018 poetam
777 1935 815 1996 ob
838 1934 963 2012 ambigui
977 1934 1037 1995 ioci
1054 1951 1121 1994 ver·
1131 1942 1157 1983 tt

114 2024 234 2086 siculum
252 2022 345 2084 media
361 2020 562 2100 amphitheatri
580 2021 688 2083 harena
710 2021 770 2099 igni
794 2021 942 2080 cremauit.
986 2017 1124 2098 Equitem

112 2109 148 2169 ll.
174 2107 318 2168 obiectum
340 2105 426 2182 ieris,
459 2123 522 2165 cum
551 2124 584 2166 se
604 2107 787 2166 innocentem
816 2102 1046 2183 proclamasset,
1075 2119 1122 2162 re·

71 2191 207 2267 deduxit,
238 2189 412 2268 abscisaque
434 2187 531 2268 lingua
553 2208 653 2250 rursus
672 2189 791 2248 induxit.
835 2188 1016 2249 Revocatum
1031 2203 1123 2264 quen-
1219 2219 1220 2264 3

114 2275 177 2336 dam
205 2291 221 2334 a
248 2281 350 2334 uetere
381 2272 469 2333 exilio
498 2274 677 2350 sciscitatus,
708 2271 841 2353 quidnam
865 2271 906 2331 ibi
929 2271 1030 2333 iacere
1053 2287 1123 2330 oon·
1219 2277 1221 2332 i

113 2367 243 2434 suasset,
275 2355 473 2437 respondente
500 2374 536 2417 eo
563 2375 617 2435 per
642 2356 848 2418 adulationem:
884 2354 971 2417 Deos
999 2371 1161 2433 semperne
1220 2357 1221 2364 ³

112 2443 205 2506 orooi
218 2448 268 2520 ot,
292 2440 376 2522 qood
393 2439 505 2518 evcnit,
522 2441 644 2520 periret
662 2439 819 2517 Tibmics,
846 2446 875 2502 et
888 2445 920 2500 tc
933 2439 1123 2518 imperares,

113 2529 235 2608 opinans
263 2525 318 2587 sibi
339 2542 456 2606 quoque
479 2525 582 2586 exules
608 2543 677 2586 suos
698 2533 821 2586 mortem
845 2525 1016 2603 imprecari,
1046 2524 1126 2582 misit

113 2613 220 2673 circum
235 2610 360 2688 insulas,
389 2609 438 2689 qui
452 2612 606 2670 universos
629 2609 873 2671 contrucidarent.
906 2606 976 2668 Gom
992 2606 1124 2684 discerpi

112 2703 278 2756 senatorem
307 2693 508 2773 concupisset,
543 2694 729 2770 subornavit,
758 2696 805 2773 qui
830 2691 1043 2771 ingredientem
1074 2707 1123 2749 cu·
1219 2703 1221 2760 ζ

111 2779 183 2838 riam
198 2785 321 2856 repente
344 2777 457 2838 hostem
474 2779 621 2858 publicum
637 2778 820 2858 appellantes
840 2774 1025 2852 invaderent,
1054 2791 1123 2852 gra·
1135 2785 1161 2827 ³⁰
1216 2773 1221 2814 l

112 2860 237 2942 phisquo
256 2861 423 2922 confossum
447 2858 632 2926 lacerandum
656 2865 763 2924 ceteris
790 2860 952 2929 traderent:
975 2865 1124 2918 decante

113 2946 231 3005 satiatus
248 2953 293 3005 est
311 2962 396 3024 quam
411 2947 539 3018 membra
561 2956 589 3008 et
605 2957 683 3009 artus
700 2955 729 3008 et
750 2947 866 3007 uiscera
886 2943 1010 3005 hominis
1028 2948 1125 3002 tracta

69 3041 168 3110 appar
189 3029 271 3089 vicos
301 3038 388 3109 atque
420 3037 491 3094 antel
514 3050 546 3092 se
574 3041 714 3110 congesta
741 3030 871 3091 vidisset.
915 3027 1125 3090 Immanissima
1154 3083 1156 3086 .

112 3115 189 3174 iacta
217 3113 345 3192 augebat
369 3119 521 3178 atrocitate
545 3115 711 3177 uerborum.
754 3113 832 3176 Nihil
853 3113 946 3192 magis
965 3113 995 3170 in
1019 3118 1125 3172 natura

112 3214 164 3257 sua
183 3195 301 3258 laudare
322 3217 355 3258 se
379 3216 414 3259 ac
441 3201 568 3283 probare
589 3199 705 3262 dicebat
724 3216 826 3279 quam,
856 3207 887 3258 ut
906 3195 1000 3276 ipsius
1026 3192 1162 3254 verboaa

113 3290 190 3358 utar,
219 3269 439 3364 dotacpsotav
464 3285 533 3364 [hoc
555 3291 599 3343 est
613 3282 871 3362 inverecundiaml.
913 3277 1045 3342 blonenti
1061 3276 1122 3338 An·

84 3367 208 3460 „toniac
225 3367 306 3427 aviae
322 3374 466 3468 tamquam
487 3384 588 3447 parum
608 3377 688 3428 esset
704 3383 763 3427 non
783 3365 939 3430 oboedire:
969 3360 1122 3426 Memento

114 3455 152 3504 art
174 3448 277 3509 omnia
298 3449 374 3511 mihi
397 3457 427 3512 ct
445 3471 478 3514 m
499 3451 598 3514 omnis
617 3451 731 3512 licere!
761 3447 1123 3525 uructdamrus,tratrem,
