<?xml version="1.0" encoding="UTF-8"?>
<!DOCTYPE html PUBLIC "-//W3C//DTD XHTML 1.0 Transitional//EN"
    "http://www.w3.org/TR/xhtml1/DTD/xhtml1-transitional.dtd">
<html xmlns="http://www.w3.org/1999/xhtml" xml:lang="en" lang="en">
 <head>
  <title>
</title>
<meta http-equiv="Content-Type" content="text/html;charset=utf-8" />
  <meta name='ocr-system' content='tesseract 3.04.00' />
  <meta name='ocr-capabilities' content='ocr_page ocr_carea ocr_par ocr_line ocrx_word'/>
</head>
<body>
  <div class='ocr_page' id='page_1' title='image "./csuetonitranqui00rothgoog_0399.png"; bbox 0 0 2416 3876; ppageno 0'>
   <div class='ocr_carea' id='block_1_1' title="bbox 264 151 1117 257">
    <p class='ocr_par' dir='ltr' id='par_1_1' title="bbox 264 151 1117 257">
     <span class='ocr_line' id='line_1_1' title="bbox 264 151 1117 257; baseline -0.006 -7"><span class='ocrx_word' id='word_1_1' title='bbox 264 199 542 250; x_wconf 79' lang='lat' dir='ltr'><strong>nnenenrronum</strong></span> <span class='ocrx_word' id='word_1_2' title='bbox 564 197 745 247; x_wconf 85' lang='lat' dir='ltr'><strong>ntnnouum</strong></span> <span class='ocrx_word' id='word_1_3' title='bbox 767 197 968 257; x_wconf 79' lang='lat' dir='ltr'><strong>antroumn.</strong></span> <span class='ocrx_word' id='word_1_4' title='bbox 1032 151 1117 246; x_wconf 66' lang='lat'><strong>”289</strong></span> 
     </span>
    </p>
   </div>
   <div class='ocr_carea' id='block_1_2' title="bbox 1 351 1121 558">
    <p class='ocr_par' dir='ltr' id='par_1_2' title="bbox 1 351 1121 558">
     <span class='ocr_line' id='line_1_2' title="bbox 116 351 1120 423; baseline -0.007 -12"><span class='ocrx_word' id='word_1_5' title='bbox 116 360 258 412; x_wconf 88' lang='lat' dir='ltr'><strong>oratoribus</strong></span> <span class='ocrx_word' id='word_1_6' title='bbox 271 365 295 408; x_wconf 87' lang='lat' dir='ltr'><strong>et</strong></span> <span class='ocrx_word' id='word_1_7' title='bbox 308 357 341 407; x_wconf 89' lang='lat' dir='ltr'><strong>de</strong></span> <span class='ocrx_word' id='word_1_8' title='bbox 359 357 452 423; x_wconf 86' lang='lat' dir='ltr'><strong>poetis.</strong></span> <span class='ocrx_word' id='word_1_9' title='bbox 480 354 512 420; x_wconf 76' lang='lat' dir='ltr'><strong>Et</strong></span> <span class='ocrx_word' id='word_1_10' title='bbox 530 354 569 404; x_wconf 91' lang='lat' dir='ltr'><strong>de</strong></span> <span class='ocrx_word' id='word_1_11' title='bbox 585 353 779 406; x_wconf 74' lang='lat' dir='ltr'>Oratoribus</span> <span class='ocrx_word' id='word_1_12' title='bbox 797 353 899 416; x_wconf 89' lang='lat' dir='ltr'><strong>quidem</strong></span> <span class='ocrx_word' id='word_1_13' title='bbox 912 351 1080 416; x_wconf 75' lang='lat' dir='ltr'>Hieronymus</span> <span class='ocrx_word' id='word_1_14' title='bbox 1092 353 1120 404; x_wconf 89' lang='lat' dir='ltr'><strong>ln</strong></span> 
     </span>
     <span class='ocr_line' id='line_1_3' title="bbox 1 422 1121 491; baseline -0.009 -9"><span class='ocrx_word' id='word_1_15' title='bbox 1 444 2 472; x_wconf 77' lang='lat'>1</span> <span class='ocrx_word' id='word_1_16' title='bbox 115 429 256 488; x_wconf 88' lang='lat' dir='ltr'><strong>Chronico,</strong></span> <span class='ocrx_word' id='word_1_17' title='bbox 268 427 366 477; x_wconf 85' lang='lat' dir='ltr'><strong>adiecta</strong></span> <span class='ocrx_word' id='word_1_18' title='bbox 376 426 482 491; x_wconf 87' lang='lat' dir='ltr'><strong>iusuper</strong></span> <span class='ocrx_word' id='word_1_19' title='bbox 497 424 551 474; x_wconf 89' lang='lat' dir='ltr'><strong>suis</strong></span> <span class='ocrx_word' id='word_1_20' title='bbox 563 422 797 474; x_wconf 76' lang='lat' dir='ltr'><strong>ratiocinationibus</strong></span> <span class='ocrx_word' id='word_1_21' title='bbox 809 435 933 473; x_wconf 86' lang='lat' dir='ltr'><strong>annorum</strong></span> <span class='ocrx_word' id='word_1_22' title='bbox 944 422 975 470; x_wconf 85' lang='lat' dir='ltr'><strong>ab</strong></span> <span class='ocrx_word' id='word_1_23' title='bbox 987 422 1048 471; x_wconf 86' lang='lat' dir='ltr'><strong>urbe</strong></span> <span class='ocrx_word' id='word_1_24' title='bbox 1058 436 1121 472; x_wconf 88' lang='lat' dir='ltr'><strong>con·</strong></span> 
     </span>
     <span class='ocr_line' id='line_1_4' title="bbox 116 490 710 558; baseline -0.015 -9"><span class='ocrx_word' id='word_1_25' title='bbox 116 496 325 558; x_wconf 70' lang='lat' dir='ltr'><strong>transtatione,</strong></span> <span class='ocrx_word' id='word_1_26' title='bbox 340 493 498 544; x_wconf 76' lang='lat' dir='ltr'><strong>conservavit</strong></span> <span class='ocrx_word' id='word_1_27' title='bbox 511 492 620 544; x_wconf 81' lang='lat' dir='ltr'><strong>frustula</strong></span> <span class='ocrx_word' id='word_1_28' title='bbox 635 490 710 540; x_wconf 76' lang='lat' dir='ltr'><strong>llaec:</strong></span> 
     </span>
    </p>
   </div>
   <div class='ocr_carea' id='block_1_3' title="bbox 1 577 1122 1667">
    <p class='ocr_par' dir='ltr' id='par_1_3' title="bbox 1 577 1122 1667">
     <span class='ocr_line' id='line_1_5' title="bbox 179 577 1121 662; baseline -0.005 -19"><span class='ocrx_word' id='word_1_29' title='bbox 179 582 217 643; x_wconf 99' lang='grc' dir='ltr'><strong>Μ.</strong></span> <span class='ocrx_word' id='word_1_30' title='bbox 240 580 350 662; x_wconf 88' lang='lat' dir='ltr'><strong>Pullius</strong></span> <span class='ocrx_word' id='word_1_31' title='bbox 371 578 477 640; x_wconf 90' lang='lat' dir='ltr'><strong>Cicero</strong></span> <span class='ocrx_word' id='word_1_32' title='bbox 497 581 600 659; x_wconf 78' lang='lat' dir='ltr'><strong>Arpini</strong></span> <span class='ocrx_word' id='word_1_33' title='bbox 627 579 754 638; x_wconf 89' lang='lat' dir='ltr'><strong>nascitur</strong></span> <span class='ocrx_word' id='word_1_34' title='bbox 774 586 865 636; x_wconf 88' lang='lat' dir='ltr'><strong>matre</strong></span> <span class='ocrx_word' id='word_1_35' title='bbox 885 577 1006 654; x_wconf 77' lang='lat' dir='ltr'><strong>Helea,</strong></span> <span class='ocrx_word' id='word_1_36' title='bbox 1036 587 1121 658; x_wconf 76' lang='lat' dir='ltr'><strong>patro</strong></span> 
     </span>
     <span class='ocr_line' id='line_1_6' title="bbox 1 661 1120 746; baseline -0.004 -20"><span class='ocrx_word' id='word_1_37' title='bbox 1 711 2 732; x_wconf 64' lang='grc'><strong>.</strong></span> <span class='ocrx_word' id='word_1_38' title='bbox 91 669 262 746; x_wconf 73' lang='lat' dir='ltr'><strong>sequestris</strong></span> <span class='ocrx_word' id='word_1_39' title='bbox 277 665 387 725; x_wconf 85' lang='lat' dir='ltr'><strong>ordinis</strong></span> <span class='ocrx_word' id='word_1_40' title='bbox 404 681 441 724; x_wconf 86' lang='lat' dir='ltr'><strong>cx</strong></span> <span class='ocrx_word' id='word_1_41' title='bbox 454 665 539 741; x_wconf 77' lang='lat' dir='ltr'><strong>regio</strong></span> <span class='ocrx_word' id='word_1_42' title='bbox 558 663 734 724; x_wconf 85' lang='lat' dir='ltr'><strong>Volscorum</strong></span> <span class='ocrx_word' id='word_1_43' title='bbox 746 679 874 739; x_wconf 65' lang='lat' dir='ltr'><strong>genem</strong></span> <span class='ocrx_word' id='word_1_44' title='bbox 899 661 951 723; x_wconf 91' lang='lat' dir='ltr'><strong>Cn.</strong></span> <span class='ocrx_word' id='word_1_45' title='bbox 963 662 1120 742; x_wconf 90' lang='lat' dir='ltr'><strong>Pompeius</strong></span> 
     </span>
     <span class='ocr_line' id='line_1_7' title="bbox 1 735 1120 827; baseline -0.008 -13"><span class='ocrx_word' id='word_1_46' title='bbox 1 735 2 771; x_wconf 58' lang='lat'>¹</span> <span class='ocrx_word' id='word_1_47' title='bbox 25 766 26 769; x_wconf 74' lang='grc'>’</span> <span class='ocrx_word' id='word_1_48' title='bbox 116 751 240 827; x_wconf 84' lang='lat' dir='ltr'><strong>Magnus</strong></span> <span class='ocrx_word' id='word_1_49' title='bbox 259 751 350 809; x_wconf 87' lang='lat' dir='ltr'><strong>oritur</strong></span> <span class='ocrx_word' id='word_1_50' title='bbox 369 765 398 808; x_wconf 88' lang='lat' dir='ltr'><strong>o.</strong></span> <span class='ocrx_word' id='word_1_51' title='bbox 417 755 477 810; x_wconf 79' lang='grc'><strong>643</strong></span> <span class='ocrx_word' id='word_1_52' title='bbox 493 792 499 805; x_wconf 96' lang='grc'><strong>.</strong></span> <span class='ocrx_word' id='word_1_53' title='bbox 518 792 525 805; x_wconf 97' lang='grc'><strong>.</strong></span> <span class='ocrx_word' id='word_1_54' title='bbox 542 789 549 806; x_wconf 92' lang='grc'><strong>.</strong></span> <span class='ocrx_word' id='word_1_55' title='bbox 565 747 715 808; x_wconf 89' lang='lat' dir='ltr'><strong>Vicesimo</strong></span> <span class='ocrx_word' id='word_1_56' title='bbox 738 755 822 806; x_wconf 83' lang='lat' dir='ltr'><strong>sexto</strong></span> <span class='ocrx_word' id='word_1_57' title='bbox 839 748 943 808; x_wconf 89' lang='lat' dir='ltr'><strong>aetatis</strong></span> <span class='ocrx_word' id='word_1_58' title='bbox 959 765 1030 806; x_wconf 88' lang='lat' dir='ltr'><strong>suae</strong></span> <span class='ocrx_word' id='word_1_59' title='bbox 1045 763 1120 807; x_wconf 87' lang='lat' dir='ltr'><strong>anno</strong></span> 
     </span>
     <span class='ocr_line' id='line_1_8' title="bbox 1 829 1119 908; baseline -0.006 -12"><span class='ocrx_word' id='word_1_60' title='bbox 1 829 2 866; x_wconf 67' lang='lat'>³</span> <span class='ocrx_word' id='word_1_61' title='bbox 117 835 224 896; x_wconf 92' lang='lat' dir='ltr'><strong>Cicero</strong></span> <span class='ocrx_word' id='word_1_62' title='bbox 240 834 384 908; x_wconf 80' lang='lat' dir='ltr'><strong>Quintium</strong></span> <span class='ocrx_word' id='word_1_63' title='bbox 399 831 528 892; x_wconf 75' lang='lat' dir='ltr'><strong>defendit</strong></span> <span class='ocrx_word' id='word_1_64' title='bbox 543 849 573 891; x_wconf 84' lang='lat' dir='ltr'><strong>a.</strong></span> <span class='ocrx_word' id='word_1_65' title='bbox 592 838 694 892; x_wconf 83' lang='grc'><strong>373..</strong></span> <span class='ocrx_word' id='word_1_66' title='bbox 713 875 721 888; x_wconf 94' lang='grc'><strong>.</strong></span> <span class='ocrx_word' id='word_1_67' title='bbox 737 830 848 892; x_wconf 82' lang='lat' dir='ltr'><strong>Roscio</strong></span> <span class='ocrx_word' id='word_1_68' title='bbox 867 840 968 892; x_wconf 87' lang='lat' dir='ltr'><strong>contra</strong></span> <span class='ocrx_word' id='word_1_69' title='bbox 991 830 1119 906; x_wconf 75' lang='lat' dir='ltr'><strong>Chryso-</strong></span> 
     </span>
     <span class='ocr_line' id='line_1_9' title="bbox 1 913 1120 997; baseline -0.004 -19"><span class='ocrx_word' id='word_1_70' title='bbox 1 927 2 992; x_wconf 66' lang='lat'>}</span> <span class='ocrx_word' id='word_1_71' title='bbox 117 937 226 997; x_wconf 80' lang='lat' dir='ltr'><strong>gonum</strong></span> <span class='ocrx_word' id='word_1_72' title='bbox 248 916 370 977; x_wconf 84' lang='lat' dir='ltr'><strong>defenso</strong></span> <span class='ocrx_word' id='word_1_73' title='bbox 392 914 498 976; x_wconf 90' lang='lat' dir='ltr'><strong>Cicero</strong></span> <span class='ocrx_word' id='word_1_74' title='bbox 514 914 645 974; x_wconf 78' lang='lat' dir='ltr'><strong>Athenas</strong></span> <span class='ocrx_word' id='word_1_75' title='bbox 667 913 793 991; x_wconf 88' lang='lat' dir='ltr'><strong>secedit,</strong></span> <span class='ocrx_word' id='word_1_76' title='bbox 816 913 1011 994; x_wconf 89' lang='lat' dir='ltr'><strong>deindepost</strong></span> <span class='ocrx_word' id='word_1_77' title='bbox 1033 918 1120 975; x_wconf 91' lang='lat' dir='ltr'><strong>trien·</strong></span> 
     </span>
     <span class='ocr_line' id='line_1_10' title="bbox 1 994 1122 1078; baseline -0.004 -15"><span class='ocrx_word' id='word_1_78' title='bbox 1 994 3 1072; x_wconf 73' lang='lat' dir='ltr'><strong>i</strong></span> <span class='ocrx_word' id='word_1_79' title='bbox 117 1005 195 1062; x_wconf 88' lang='lat' dir='ltr'><strong>nium</strong></span> <span class='ocrx_word' id='word_1_80' title='bbox 209 1001 330 1061; x_wconf 89' lang='lat' dir='ltr'><strong>Romam</strong></span> <span class='ocrx_word' id='word_1_81' title='bbox 350 999 514 1078; x_wconf 75' lang='lat' dir='ltr'><strong>regreditur</strong></span> <span class='ocrx_word' id='word_1_82' title='bbox 534 1016 564 1058; x_wconf 85' lang='lat' dir='ltr'><strong>o.</strong></span> <span class='ocrx_word' id='word_1_83' title='bbox 580 1007 663 1060; x_wconf 83' lang='grc'><strong>674.</strong></span> <span class='ocrx_word' id='word_1_84' title='bbox 680 1043 687 1056; x_wconf 93' lang='grc'><strong>.</strong></span> <span class='ocrx_word' id='word_1_85' title='bbox 706 1043 713 1058; x_wconf 93' lang='grc'><strong>.</strong></span> <span class='ocrx_word' id='word_1_86' title='bbox 731 997 838 1059; x_wconf 87' lang='lat' dir='ltr'><strong>Cicero</strong></span> <span class='ocrx_word' id='word_1_87' title='bbox 859 1000 888 1058; x_wconf 92' lang='lat' dir='ltr'><strong>in</strong></span> <span class='ocrx_word' id='word_1_88' title='bbox 909 1000 999 1060; x_wconf 85' lang='lat' dir='ltr'><strong>exilio</strong></span> <span class='ocrx_word' id='word_1_89' title='bbox 1019 1017 1122 1059; x_wconf 87' lang='lat' dir='ltr'><strong>annum</strong></span> 
     </span>
     <span class='ocr_line' id='line_1_11' title="bbox 82 1081 1121 1162; baseline -0.001 -20.072"><span class='ocrx_word' id='word_1_90' title='bbox 82 1101 109 1143; x_wconf 84' lang='lat' dir='ltr'><strong>ro</strong></span> <span class='ocrx_word' id='word_1_91' title='bbox 119 1087 190 1148; x_wconf 87' lang='lat' dir='ltr'><strong>iacit</strong></span> <span class='ocrx_word' id='word_1_92' title='bbox 202 1083 365 1145; x_wconf 87' lang='lat' dir='ltr'><strong>honorilice</strong></span> <span class='ocrx_word' id='word_1_93' title='bbox 384 1092 538 1162; x_wconf 88' lang='lat' dir='ltr'><strong>susceptus</strong></span> <span class='ocrx_word' id='word_1_94' title='bbox 554 1101 570 1142; x_wconf 87' lang='lat' dir='ltr'><strong>a</strong></span> <span class='ocrx_word' id='word_1_95' title='bbox 585 1081 704 1143; x_wconf 77' lang='lat' dir='ltr'><strong>Plancio</strong></span> <span class='ocrx_word' id='word_1_96' title='bbox 720 1100 750 1143; x_wconf 89' lang='lat' dir='ltr'><strong>o.</strong></span> <span class='ocrx_word' id='word_1_97' title='bbox 769 1089 932 1144; x_wconf 76' lang='lat' dir='ltr'><strong>oto-697</strong></span> <span class='ocrx_word' id='word_1_98' title='bbox 1015 1082 1121 1144; x_wconf 88' lang='lat' dir='ltr'><strong>Cicero</strong></span> 
     </span>
     <span class='ocr_line' id='line_1_12' title="bbox 1 1166 1121 1245; baseline 0.001 -21"><span class='ocrx_word' id='word_1_99' title='bbox 1 1211 26 1226; x_wconf 77' lang='grc'><strong>,.</strong></span> <span class='ocrx_word' id='word_1_100' title='bbox 118 1173 153 1230; x_wconf 88' lang='lat' dir='ltr'><strong>in·</strong></span> <span class='ocrx_word' id='word_1_101' title='bbox 170 1168 324 1230; x_wconf 79' lang='lat' dir='ltr'><strong>Formiano</strong></span> <span class='ocrx_word' id='word_1_102' title='bbox 349 1185 400 1228; x_wconf 91' lang='lat' dir='ltr'><strong>suo</strong></span> <span class='ocrx_word' id='word_1_103' title='bbox 423 1167 460 1228; x_wconf 89' lang='lat' dir='ltr'><strong>ab</strong></span> <span class='ocrx_word' id='word_1_104' title='bbox 481 1167 628 1227; x_wconf 87' lang='lat' dir='ltr'><strong>Herennio</strong></span> <span class='ocrx_word' id='word_1_105' title='bbox 652 1176 680 1226; x_wconf 87' lang='lat' dir='ltr'><strong>et</strong></span> <span class='ocrx_word' id='word_1_106' title='bbox 708 1166 823 1245; x_wconf 90' lang='lat' dir='ltr'><strong>Popilio</strong></span> <span class='ocrx_word' id='word_1_107' title='bbox 845 1167 998 1228; x_wconf 85' lang='lat' dir='ltr'><strong>occiditur</strong></span> <span class='ocrx_word' id='word_1_108' title='bbox 1019 1166 1121 1228; x_wconf 84' lang='lat' dir='ltr'>LXIV.</span> 
     </span>
     <span class='ocr_line' id='line_1_13' title="bbox 118 1250 1121 1330; baseline -0.005 -16"><span class='ocrx_word' id='word_1_109' title='bbox 118 1255 222 1314; x_wconf 85' lang='lat' dir='ltr'><strong>aetatis</strong></span> <span class='ocrx_word' id='word_1_110' title='bbox 237 1270 308 1314; x_wconf 87' lang='lat' dir='ltr'><strong>suae</strong></span> <span class='ocrx_word' id='word_1_111' title='bbox 326 1269 417 1321; x_wconf 89' lang='lat' dir='ltr'><strong>auno;</strong></span> <span class='ocrx_word' id='word_1_112' title='bbox 442 1250 594 1312; x_wconf 76' lang='lat' dir='ltr'><strong>Ciceronis</strong></span> <span class='ocrx_word' id='word_1_113' title='bbox 616 1260 704 1330; x_wconf 89' lang='lat' dir='ltr'><strong>caput</strong></span> <span class='ocrx_word' id='word_1_114' title='bbox 724 1269 789 1312; x_wconf 88' lang='lat' dir='ltr'><strong>cum</strong></span> <span class='ocrx_word' id='word_1_115' title='bbox 814 1270 898 1312; x_wconf 87' lang='lat' dir='ltr'><strong>manu</strong></span> <span class='ocrx_word' id='word_1_116' title='bbox 922 1251 1043 1312; x_wconf 87' lang='lat' dir='ltr'><strong>dextera</strong></span> <span class='ocrx_word' id='word_1_117' title='bbox 1066 1267 1121 1330; x_wconf 91' lang='lat' dir='ltr'><strong>pro</strong></span> 
     </span>
     <span class='ocr_line' id='line_1_14' title="bbox 118 1335 1122 1416; baseline -0.004 -19"><span class='ocrx_word' id='word_1_118' title='bbox 118 1339 223 1398; x_wconf 88' lang='lat' dir='ltr'><strong>rostris</strong></span> <span class='ocrx_word' id='word_1_119' title='bbox 240 1339 379 1416; x_wconf 85' lang='lat' dir='ltr'><strong>positum,</strong></span> <span class='ocrx_word' id='word_1_120' title='bbox 395 1337 533 1415; x_wconf 82' lang='lat' dir='ltr'><strong>iuxtaque</strong></span> <span class='ocrx_word' id='word_1_121' title='bbox 548 1344 687 1396; x_wconf 87' lang='lat' dir='ltr'><strong>coronata</strong></span> <span class='ocrx_word' id='word_1_122' title='bbox 702 1339 799 1413; x_wconf 77' lang='lat' dir='ltr'><strong>imago</strong></span> <span class='ocrx_word' id='word_1_123' title='bbox 811 1335 919 1415; x_wconf 88' lang='lat' dir='ltr'><strong>Popilii</strong></span> <span class='ocrx_word' id='word_1_124' title='bbox 934 1336 1049 1411; x_wconf 86' lang='lat' dir='ltr'><strong>militis,</strong></span> <span class='ocrx_word' id='word_1_125' title='bbox 1074 1335 1122 1414; x_wconf 89' lang='lat' dir='ltr'><strong>qui</strong></span> 
     </span>
     <span class='ocr_line' id='line_1_15' title="bbox 1 1418 1122 1495; baseline -0.004 -13"><span class='ocrx_word' id='word_1_126' title='bbox 1 1472 2 1482; x_wconf 70' lang='grc'>,</span> <span class='ocrx_word' id='word_1_127' title='bbox 121 1439 185 1482; x_wconf 90' lang='lat' dir='ltr'><strong>enm</strong></span> <span class='ocrx_word' id='word_1_128' title='bbox 201 1420 349 1481; x_wconf 87' lang='lat' dir='ltr'><strong>occiderat</strong></span> <span class='ocrx_word' id='word_1_129' title='bbox 365 1437 395 1480; x_wconf 87' lang='grc' dir='ltr'><strong>α.</strong></span> <span class='ocrx_word' id='word_1_130' title='bbox 416 1428 469 1480; x_wconf 85' lang='grc'><strong>711</strong></span> <span class='ocrx_word' id='word_1_131' title='bbox 485 1464 492 1478; x_wconf 90' lang='grc'><strong>.</strong></span> <span class='ocrx_word' id='word_1_132' title='bbox 507 1465 514 1480; x_wconf 89' lang='grc'><strong>.</strong></span> <span class='ocrx_word' id='word_1_133' title='bbox 531 1464 538 1478; x_wconf 95' lang='grc'><strong>.</strong></span> <span class='ocrx_word' id='word_1_134' title='bbox 554 1418 593 1479; x_wconf 96' lang='grc' dir='ltr'><strong>Μ.</strong></span> <span class='ocrx_word' id='word_1_135' title='bbox 610 1419 721 1480; x_wconf 87' lang='lat' dir='ltr'><strong>Pullius</strong></span> <span class='ocrx_word' id='word_1_136' title='bbox 733 1419 802 1480; x_wconf 85' lang='lat' dir='ltr'><strong>&#39;liro</strong></span> <span class='ocrx_word' id='word_1_137' title='bbox 818 1418 972 1482; x_wconf 81' lang='lat' dir='ltr'><strong>Ciceronis</strong></span> <span class='ocrx_word' id='word_1_138' title='bbox 989 1420 1122 1495; x_wconf 88' lang='lat' dir='ltr'><strong>libertus,</strong></span> 
     </span>
     <span class='ocr_line' id='line_1_16' title="bbox 1 1496 1122 1585; baseline -0.004 -18"><span class='ocrx_word' id='word_1_139' title='bbox 1 1496 3 1503; x_wconf 66' lang='grc'><strong>’</strong></span> <span class='ocrx_word' id='word_1_140' title='bbox 83 1521 110 1567; x_wconf 83' lang='lat' dir='ltr'><strong>tt</strong></span> <span class='ocrx_word' id='word_1_141' title='bbox 121 1507 169 1584; x_wconf 86' lang='lat' dir='ltr'><strong>qui</strong></span> <span class='ocrx_word' id='word_1_142' title='bbox 186 1506 294 1585; x_wconf 89' lang='lat' dir='ltr'><strong>primus</strong></span> <span class='ocrx_word' id='word_1_143' title='bbox 308 1512 393 1564; x_wconf 89' lang='lat' dir='ltr'><strong>notas</strong></span> <span class='ocrx_word' id='word_1_144' title='bbox 411 1512 618 1564; x_wconf 87' lang='lat' dir='ltr'><strong>commentatus</strong></span> <span class='ocrx_word' id='word_1_145' title='bbox 634 1513 694 1579; x_wconf 87' lang='lat' dir='ltr'><strong>est,</strong></span> <span class='ocrx_word' id='word_1_146' title='bbox 709 1507 737 1563; x_wconf 92' lang='lat' dir='ltr'><strong>in</strong></span> <span class='ocrx_word' id='word_1_147' title='bbox 754 1503 913 1566; x_wconf 87' lang='lat' dir='ltr'><strong>Puteolano</strong></span> <span class='ocrx_word' id='word_1_148' title='bbox 932 1503 1053 1584; x_wconf 88' lang='lat' dir='ltr'><strong>praedio</strong></span> <span class='ocrx_word' id='word_1_149' title='bbox 1069 1519 1122 1563; x_wconf 90' lang='lat' dir='ltr'><strong>suo</strong></span> 
     </span>
     <span class='ocr_line' id='line_1_17' title="bbox 1 1589 1002 1667; baseline -0.001 -18"><span class='ocrx_word' id='word_1_150' title='bbox 1 1597 2 1600; x_wconf 76' lang='grc'>’</span> <span class='ocrx_word' id='word_1_151' title='bbox 119 1607 212 1667; x_wconf 82' lang='lat' dir='ltr'><strong>usque</strong></span> <span class='ocrx_word' id='word_1_152' title='bbox 227 1589 264 1650; x_wconf 85' lang='lat' dir='ltr'><strong>ad</strong></span> <span class='ocrx_word' id='word_1_153' title='bbox 279 1589 466 1649; x_wconf 87' lang='lat' dir='ltr'><strong>centesimum</strong></span> <span class='ocrx_word' id='word_1_154' title='bbox 482 1605 584 1647; x_wconf 87' lang='lat' dir='ltr'><strong>annum</strong></span> <span class='ocrx_word' id='word_1_155' title='bbox 602 1590 789 1648; x_wconf 77' lang='lat' dir='ltr'><strong>consenescit</strong></span> <span class='ocrx_word' id='word_1_156' title='bbox 804 1605 833 1648; x_wconf 88' lang='lat' dir='ltr'><strong>a.</strong></span> <span class='ocrx_word' id='word_1_157' title='bbox 850 1596 917 1650; x_wconf 84' lang='grc'><strong>743.</strong></span> <span class='ocrx_word' id='word_1_158' title='bbox 934 1597 1002 1650; x_wconf 79' lang='grc'><strong>750.</strong></span> 
     </span>
    </p>
   </div>
   <div class='ocr_carea' id='block_1_4' title="bbox 1 1686 1207 2090">
    <p class='ocr_par' dir='ltr' id='par_1_4' title="bbox 120 1686 1207 1936">
     <span class='ocr_line' id='line_1_18' title="bbox 182 1686 1123 1768; baseline -0.001 -17"><span class='ocrx_word' id='word_1_159' title='bbox 182 1690 220 1751; x_wconf 90' lang='grc' dir='ltr'><strong>Μ.</strong></span> <span class='ocrx_word' id='word_1_160' title='bbox 239 1687 377 1750; x_wconf 90' lang='lat' dir='ltr'><strong>Callidius</strong></span> <span class='ocrx_word' id='word_1_161' title='bbox 393 1697 492 1749; x_wconf 91' lang='lat' dir='ltr'><strong>orator</strong></span> <span class='ocrx_word' id='word_1_162' title='bbox 508 1688 603 1748; x_wconf 87' lang='lat' dir='ltr'><strong>clarus</strong></span> <span class='ocrx_word' id='word_1_163' title='bbox 618 1686 755 1758; x_wconf 65' lang='lat' dir='ltr'><strong>habetem</strong></span> <span class='ocrx_word' id='word_1_164' title='bbox 772 1690 820 1767; x_wconf 87' lang='lat' dir='ltr'><strong>qui</strong></span> <span class='ocrx_word' id='word_1_165' title='bbox 833 1689 911 1749; x_wconf 89' lang='lat' dir='ltr'><strong>bello</strong></span> <span class='ocrx_word' id='word_1_166' title='bbox 927 1698 1030 1768; x_wconf 86' lang='lat' dir='ltr'><strong>postea</strong></span> <span class='ocrx_word' id='word_1_167' title='bbox 1044 1688 1123 1750; x_wconf 84' lang='lat' dir='ltr'><strong>cirili</strong></span> 
     </span>
     <span class='ocr_line' id='line_1_19' title="bbox 120 1771 1123 1851; baseline -0.002 -17"><span class='ocrx_word' id='word_1_168' title='bbox 120 1773 310 1834; x_wconf 87' lang='lat' dir='ltr'><strong>Caesarianas</strong></span> <span class='ocrx_word' id='word_1_169' title='bbox 331 1782 429 1851; x_wconf 87' lang='lat' dir='ltr'><strong>partes</strong></span> <span class='ocrx_word' id='word_1_170' title='bbox 445 1781 578 1850; x_wconf 89' lang='lat' dir='ltr'><strong>secutus,</strong></span> <span class='ocrx_word' id='word_1_171' title='bbox 603 1791 666 1832; x_wconf 88' lang='lat' dir='ltr'><strong>cum</strong></span> <span class='ocrx_word' id='word_1_172' title='bbox 687 1771 828 1850; x_wconf 79' lang='lat' dir='ltr'><strong>Togatam</strong></span> <span class='ocrx_word' id='word_1_173' title='bbox 850 1772 972 1834; x_wconf 87' lang='lat' dir='ltr'><strong>Calliam</strong></span> <span class='ocrx_word' id='word_1_174' title='bbox 994 1781 1123 1851; x_wconf 83' lang='lat' dir='ltr'><strong>regeret,</strong></span> 
     </span>
     <span class='ocr_line' id='line_1_20' title="bbox 120 1855 1207 1936; baseline 0 -18"><span class='ocrx_word' id='word_1_175' title='bbox 120 1857 287 1918; x_wconf 88' lang='lat' dir='ltr'><strong>Placentiae</strong></span> <span class='ocrx_word' id='word_1_176' title='bbox 304 1855 376 1916; x_wconf 87' lang='lat' dir='ltr'><strong>obiit</strong></span> <span class='ocrx_word' id='word_1_177' title='bbox 395 1873 425 1916; x_wconf 86' lang='lat' dir='ltr'><strong>o.</strong></span> <span class='ocrx_word' id='word_1_178' title='bbox 450 1863 507 1918; x_wconf 81' lang='grc'><strong>697</strong></span> <span class='ocrx_word' id='word_1_179' title='bbox 522 1903 528 1918; x_wconf 95' lang='grc'><strong>.</strong></span> <span class='ocrx_word' id='word_1_180' title='bbox 545 1901 552 1914; x_wconf 97' lang='grc'><strong>.</strong></span> <span class='ocrx_word' id='word_1_181' title='bbox 571 1902 578 1916; x_wconf 94' lang='grc'><strong>.</strong></span> <span class='ocrx_word' id='word_1_182' title='bbox 597 1856 797 1935; x_wconf 88' lang='lat' dir='ltr'><strong>Apollodorus</strong></span> <span class='ocrx_word' id='word_1_183' title='bbox 818 1857 1015 1936; x_wconf 82' lang='lat' dir='ltr'><strong>Pergamenus</strong></span> <span class='ocrx_word' id='word_1_184' title='bbox 1035 1857 1122 1919; x_wconf 86' lang='lat' dir='ltr'><strong>Grae·</strong></span> <span class='ocrx_word' id='word_1_185' title='bbox 1199 1858 1207 1872; x_wconf 78' lang='lat'><em>⁰</em></span> 
     </span>
    </p>

    <p class='ocr_par' dir='ltr' id='par_1_5' title="bbox 1 1939 1123 2090">
     <span class='ocr_line' id='line_1_21' title="bbox 82 1939 1123 2021; baseline 0.003 -23"><span class='ocrx_word' id='word_1_186' title='bbox 82 1959 174 2002; x_wconf 78' lang='lat' dir='ltr'><strong>rocus</strong></span> <span class='ocrx_word' id='word_1_187' title='bbox 191 1951 303 2016; x_wconf 86' lang='lat' dir='ltr'><strong>orator,</strong></span> <span class='ocrx_word' id='word_1_188' title='bbox 333 1949 511 2020; x_wconf 84' lang='lat' dir='ltr'><strong>praeceptor</strong></span> <span class='ocrx_word' id='word_1_189' title='bbox 532 1939 646 2002; x_wconf 85' lang='lat' dir='ltr'><strong>Callidii</strong></span> <span class='ocrx_word' id='word_1_190' title='bbox 667 1949 698 2000; x_wconf 90' lang='lat' dir='ltr'><strong>et</strong></span> <span class='ocrx_word' id='word_1_191' title='bbox 720 1941 860 2021; x_wconf 76' lang='lat' dir='ltr'><strong>Augusti,</strong></span> <span class='ocrx_word' id='word_1_192' title='bbox 887 1942 983 2003; x_wconf 89' lang='lat' dir='ltr'><strong>clarus</strong></span> <span class='ocrx_word' id='word_1_193' title='bbox 1002 1942 1123 2002; x_wconf 86' lang='lat' dir='ltr'><strong>hahetur</strong></span> 
     </span>
     <span class='ocr_line' id='line_1_22' title="bbox 1 2031 320 2090; baseline -0.022 0"><span class='ocrx_word' id='word_1_194' title='bbox 1 2087 2 2090; x_wconf 76' lang='grc'>,</span> <span class='ocrx_word' id='word_1_195' title='bbox 122 2033 235 2087; x_wconf 72' lang='grc'><strong>3.·090.</strong></span> <span class='ocrx_word' id='word_1_196' title='bbox 256 2031 320 2086; x_wconf 84' lang='grc'><strong>001.</strong></span> 
     </span>
    </p>
   </div>
   <div class='ocr_carea' id='block_1_5' title="bbox 1 2123 1127 3456">
    <p class='ocr_par' dir='ltr' id='par_1_6' title="bbox 1 2123 1127 3456">
     <span class='ocr_line' id='line_1_23' title="bbox 183 2123 1124 2205; baseline 0 -19"><span class='ocrx_word' id='word_1_197' title='bbox 183 2125 325 2186; x_wconf 80' lang='lat' dir='ltr'><strong>Munatius</strong></span> <span class='ocrx_word' id='word_1_198' title='bbox 348 2125 487 2203; x_wconf 87' lang='lat' dir='ltr'><strong>Plancus,</strong></span> <span class='ocrx_word' id='word_1_199' title='bbox 512 2123 663 2187; x_wconf 88' lang='lat' dir='ltr'><strong>Ciceronis</strong></span> <span class='ocrx_word' id='word_1_200' title='bbox 689 2126 865 2205; x_wconf 90' lang='lat' dir='ltr'><strong>discipulus,</strong></span> <span class='ocrx_word' id='word_1_201' title='bbox 882 2136 982 2188; x_wconf 87' lang='lat' dir='ltr'><strong>orator</strong></span> <span class='ocrx_word' id='word_1_202' title='bbox 1002 2126 1124 2188; x_wconf 87' lang='lat' dir='ltr'><strong>habetur</strong></span> 
     </span>
     <span class='ocr_line' id='line_1_24' title="bbox 121 2208 1123 2290; baseline 0.003 -23"><span class='ocrx_word' id='word_1_203' title='bbox 121 2209 259 2287; x_wconf 79' lang='lat' dir='ltr'><strong>insignis;</strong></span> <span class='ocrx_word' id='word_1_204' title='bbox 280 2211 327 2287; x_wconf 89' lang='lat' dir='ltr'><strong>qui</strong></span> <span class='ocrx_word' id='word_1_205' title='bbox 345 2228 407 2269; x_wconf 91' lang='lat' dir='ltr'><strong>oum</strong></span> <span class='ocrx_word' id='word_1_206' title='bbox 423 2208 544 2272; x_wconf 88' lang='lat' dir='ltr'><strong>Calliam</strong></span> <span class='ocrx_word' id='word_1_207' title='bbox 559 2221 678 2288; x_wconf 80' lang='lat' dir='ltr'><strong>regeret</strong></span> <span class='ocrx_word' id='word_1_208' title='bbox 695 2209 857 2290; x_wconf 80' lang='lat' dir='ltr'><strong>Comatam,</strong></span> <span class='ocrx_word' id='word_1_209' title='bbox 872 2211 1038 2290; x_wconf 82' lang='lat' dir='ltr'><strong>Lugdunum</strong></span> <span class='ocrx_word' id='word_1_210' title='bbox 1056 2229 1123 2273; x_wconf 92' lang='lat' dir='ltr'><strong>con·</strong></span> 
     </span>
     <span class='ocr_line' id='line_1_25' title="bbox 123 2293 399 2354; baseline -0.004 -1"><span class='ocrx_word' id='word_1_211' title='bbox 123 2293 193 2353; x_wconf 81' lang='lat' dir='ltr'><strong>didit</strong></span> <span class='ocrx_word' id='word_1_212' title='bbox 208 2309 238 2352; x_wconf 81' lang='lat' dir='ltr'><strong>a.</strong></span> <span class='ocrx_word' id='word_1_213' title='bbox 253 2301 317 2354; x_wconf 84' lang='lat'><em>729.</em></span> <span class='ocrx_word' id='word_1_214' title='bbox 335 2301 399 2354; x_wconf 81' lang='lat'><strong><em>730.</em></strong></span> 
     </span>
     <span class='ocr_line' id='line_1_26' title="bbox 83 2375 1124 2457; baseline -0.002 -17"><span class='ocrx_word' id='word_1_215' title='bbox 83 2398 113 2440; x_wconf 67' lang='grc' dir='ltr'><strong>ιι</strong></span> <span class='ocrx_word' id='word_1_216' title='bbox 188 2375 275 2437; x_wconf 89' lang='lat' dir='ltr'><strong>Curio</strong></span> <span class='ocrx_word' id='word_1_217' title='bbox 301 2387 452 2456; x_wconf 87' lang='lat' dir='ltr'><strong>promptus</strong></span> <span class='ocrx_word' id='word_1_218' title='bbox 479 2388 507 2439; x_wconf 93' lang='lat' dir='ltr'><strong>et</strong></span> <span class='ocrx_word' id='word_1_219' title='bbox 529 2379 679 2457; x_wconf 88' lang='lat' dir='ltr'><strong>popularis</strong></span> <span class='ocrx_word' id='word_1_220' title='bbox 702 2389 800 2441; x_wconf 88' lang='lat' dir='ltr'><strong>orator</strong></span> <span class='ocrx_word' id='word_1_221' title='bbox 814 2380 924 2441; x_wconf 83' lang='lat' dir='ltr'><strong>Romae</strong></span> <span class='ocrx_word' id='word_1_222' title='bbox 946 2380 1069 2441; x_wconf 89' lang='lat' dir='ltr'><strong>habetur</strong></span> <span class='ocrx_word' id='word_1_223' title='bbox 1082 2380 1124 2439; x_wconf 90' lang='lat' dir='ltr'><strong>in-</strong></span> 
     </span>
     <span class='ocr_line' id='line_1_27' title="bbox 123 2461 1124 2543; baseline 0.003 -23"><span class='ocrx_word' id='word_1_224' title='bbox 123 2461 230 2538; x_wconf 82' lang='lat' dir='ltr'><strong>signis,</strong></span> <span class='ocrx_word' id='word_1_225' title='bbox 248 2463 296 2539; x_wconf 90' lang='lat' dir='ltr'><strong>qui</strong></span> <span class='ocrx_word' id='word_1_226' title='bbox 317 2461 457 2540; x_wconf 87' lang='lat' dir='ltr'><strong>deinceps</strong></span> <span class='ocrx_word' id='word_1_227' title='bbox 479 2464 507 2522; x_wconf 89' lang='lat' dir='ltr'><strong>in</strong></span> <span class='ocrx_word' id='word_1_228' title='bbox 522 2461 623 2523; x_wconf 89' lang='lat' dir='ltr'><strong>Alrica</strong></span> <span class='ocrx_word' id='word_1_229' title='bbox 640 2464 752 2543; x_wconf 91' lang='lat' dir='ltr'><strong>pudore</strong></span> <span class='ocrx_word' id='word_1_230' title='bbox 768 2465 865 2524; x_wconf 87' lang='lat' dir='ltr'><strong>amissi</strong></span> <span class='ocrx_word' id='word_1_231' title='bbox 889 2465 1035 2525; x_wconf 85' lang='lat' dir='ltr'><strong>exercitus</strong></span> <span class='ocrx_word' id='word_1_232' title='bbox 1050 2465 1124 2524; x_wconf 89' lang='lat' dir='ltr'><strong>mori</strong></span> 
     </span>
     <span class='ocr_line' id='line_1_28' title="bbox 1 2544 648 2623; baseline 0.003 -19"><span class='ocrx_word' id='word_1_233' title='bbox 1 2608 2 2618; x_wconf 46' lang='lat'><strong>,</strong></span> <span class='ocrx_word' id='word_1_234' title='bbox 121 2544 221 2608; x_wconf 82' lang='lat' dir='ltr'><strong>maluit</strong></span> <span class='ocrx_word' id='word_1_235' title='bbox 232 2563 316 2623; x_wconf 89' lang='lat' dir='ltr'><strong>quam</strong></span> <span class='ocrx_word' id='word_1_236' title='bbox 331 2545 428 2606; x_wconf 84' lang='lat' dir='ltr'><strong>redire</strong></span> <span class='ocrx_word' id='word_1_237' title='bbox 445 2563 475 2606; x_wconf 86' lang='grc' dir='ltr'><strong>α.</strong></span> <span class='ocrx_word' id='word_1_238' title='bbox 494 2554 558 2607; x_wconf 89' lang='grc'><strong>701.</strong></span> <span class='ocrx_word' id='word_1_239' title='bbox 581 2555 648 2608; x_wconf 84' lang='grc'><strong>702.</strong></span> 
     </span>
     <span class='ocr_line' id='line_1_29' title="bbox 1 2627 1124 2711; baseline 0.004 -23"><span class='ocrx_word' id='word_1_240' title='bbox 1 2660 2 2709; x_wconf 65' lang='lat' dir='ltr'><strong>p</strong></span> <span class='ocrx_word' id='word_1_241' title='bbox 186 2627 285 2689; x_wconf 84' lang='lat' dir='ltr'><strong>Furnii</strong></span> <span class='ocrx_word' id='word_1_242' title='bbox 314 2639 397 2708; x_wconf 87' lang='lat' dir='ltr'><strong>pater</strong></span> <span class='ocrx_word' id='word_1_243' title='bbox 423 2639 451 2690; x_wconf 91' lang='lat' dir='ltr'><strong>et</strong></span> <span class='ocrx_word' id='word_1_244' title='bbox 478 2630 552 2690; x_wconf 79' lang='lat' dir='ltr'><strong>lilius</strong></span> <span class='ocrx_word' id='word_1_245' title='bbox 574 2631 644 2691; x_wconf 88' lang='lat' dir='ltr'><strong>clari</strong></span> <span class='ocrx_word' id='word_1_246' title='bbox 666 2641 800 2693; x_wconf 84' lang='lat' dir='ltr'><strong>oratores</strong></span> <span class='ocrx_word' id='word_1_247' title='bbox 820 2630 979 2710; x_wconf 86' lang='lat' dir='ltr'><strong>habentur,</strong></span> <span class='ocrx_word' id='word_1_248' title='bbox 1002 2649 1124 2711; x_wconf 85' lang='lat' dir='ltr'><strong>quorum</strong></span> 
     </span>
     <span class='ocr_line' id='line_1_30' title="bbox 122 2713 937 2794; baseline 0.002 -19.741"><span class='ocrx_word' id='word_1_249' title='bbox 122 2713 198 2775; x_wconf 87' lang='lat' dir='ltr'><strong>lilius</strong></span> <span class='ocrx_word' id='word_1_250' title='bbox 214 2713 375 2774; x_wconf 90' lang='lat' dir='ltr'><strong>consularis</strong></span> <span class='ocrx_word' id='word_1_251' title='bbox 392 2724 459 2774; x_wconf 88' lang='lat' dir='ltr'><strong>ante</strong></span> <span class='ocrx_word' id='word_1_252' title='bbox 475 2724 586 2794; x_wconf 89' lang='lat' dir='ltr'><strong>patrem</strong></span> <span class='ocrx_word' id='word_1_253' title='bbox 600 2718 721 2777; x_wconf 90' lang='lat' dir='ltr'><strong>moritur</strong></span> <span class='ocrx_word' id='word_1_254' title='bbox 737 2733 767 2778; x_wconf 86' lang='lat' dir='ltr'><strong>o.</strong></span> <span class='ocrx_word' id='word_1_255' title='bbox 787 2725 851 2778; x_wconf 93' lang='grc'><strong>717.</strong></span> <span class='ocrx_word' id='word_1_256' title='bbox 873 2723 937 2777; x_wconf 85' lang='grc'><strong>713.</strong></span> 
     </span>
     <span class='ocr_line' id='line_1_31' title="bbox 1 2795 1124 2879; baseline 0.008 -25"><span class='ocrx_word' id='word_1_257' title='bbox 1 2821 2 2831; x_wconf 46' lang='lat'>¹</span> <span class='ocrx_word' id='word_1_258' title='bbox 83 2825 112 2868; x_wconf 69' lang='lat'><strong>30</strong></span> <span class='ocrx_word' id='word_1_259' title='bbox 184 2795 348 2876; x_wconf 88' lang='lat' dir='ltr'><strong>Atratinus,</strong></span> <span class='ocrx_word' id='word_1_260' title='bbox 366 2800 415 2876; x_wconf 89' lang='lat' dir='ltr'><strong>qui</strong></span> <span class='ocrx_word' id='word_1_261' title='bbox 430 2799 639 2879; x_wconf 86' lang='lat' dir='ltr'><strong>septemdecim</strong></span> <span class='ocrx_word' id='word_1_262' title='bbox 654 2819 746 2864; x_wconf 88' lang='lat' dir='ltr'><strong>annos</strong></span> <span class='ocrx_word' id='word_1_263' title='bbox 762 2810 845 2864; x_wconf 88' lang='lat' dir='ltr'><strong>natus</strong></span> <span class='ocrx_word' id='word_1_264' title='bbox 860 2799 990 2862; x_wconf 88' lang='lat' dir='ltr'><strong>Caelium</strong></span> <span class='ocrx_word' id='word_1_265' title='bbox 1005 2819 1124 2863; x_wconf 85' lang='lat' dir='ltr'><strong>accusa·</strong></span> 
     </span>
     <span class='ocr_line' id='line_1_32' title="bbox 121 2881 1123 2958; baseline 0.005 -18"><span class='ocrx_word' id='word_1_266' title='bbox 121 2890 221 2958; x_wconf 84' lang='lat' dir='ltr'><strong>verat,</strong></span> <span class='ocrx_word' id='word_1_267' title='bbox 247 2881 341 2942; x_wconf 88' lang='lat' dir='ltr'><strong>clarus</strong></span> <span class='ocrx_word' id='word_1_268' title='bbox 365 2884 441 2943; x_wconf 86' lang='lat' dir='ltr'><strong>inter</strong></span> <span class='ocrx_word' id='word_1_269' title='bbox 466 2892 599 2944; x_wconf 88' lang='lat' dir='ltr'><strong>oratores</strong></span> <span class='ocrx_word' id='word_1_270' title='bbox 614 2883 750 2956; x_wconf 68' lang='lat' dir='ltr'><strong>hebetum</strong></span> <span class='ocrx_word' id='word_1_271' title='bbox 777 2886 812 2948; x_wconf 92' lang='lat' dir='ltr'><strong>ad</strong></span> <span class='ocrx_word' id='word_1_272' title='bbox 835 2894 994 2947; x_wconf 70' lang='lat' dir='ltr'><strong>erasmum</strong></span> <span class='ocrx_word' id='word_1_273' title='bbox 1008 2886 1123 2947; x_wconf 88' lang='lat' dir='ltr'><strong>morbo·</strong></span> 
     </span>
     <span class='ocr_line' id='line_1_33' title="bbox 43 2965 1125 3052; baseline 0.004 -27"><span class='ocrx_word' id='word_1_274' title='bbox 43 3032 62 3052; x_wconf 13' lang='grc' dir='ltr'><strong>Α,</strong></span> <span class='ocrx_word' id='word_1_275' title='bbox 121 2983 183 3025; x_wconf 90' lang='lat' dir='ltr'><strong>rum</strong></span> <span class='ocrx_word' id='word_1_276' title='bbox 198 2965 296 3026; x_wconf 85' lang='lat' dir='ltr'><strong>taedio</strong></span> <span class='ocrx_word' id='word_1_277' title='bbox 312 2967 340 3025; x_wconf 88' lang='lat' dir='ltr'><strong>in</strong></span> <span class='ocrx_word' id='word_1_278' title='bbox 355 2967 462 3028; x_wconf 88' lang='lat' dir='ltr'><strong>balneo</strong></span> <span class='ocrx_word' id='word_1_279' title='bbox 477 2968 626 3030; x_wconf 87' lang='lat' dir='ltr'><strong>voluntate</strong></span> <span class='ocrx_word' id='word_1_280' title='bbox 649 2971 827 3032; x_wconf 84' lang='lat' dir='ltr'><strong>exanimatus</strong></span> <span class='ocrx_word' id='word_1_281' title='bbox 848 2970 987 3032; x_wconf 87' lang='lat' dir='ltr'><strong>heredem</strong></span> <span class='ocrx_word' id='word_1_282' title='bbox 1006 2970 1125 3049; x_wconf 85' lang='lat' dir='ltr'><strong>reliquit</strong></span> 
     </span>
     <span class='ocr_line' id='line_1_34' title="bbox 121 3049 511 3128; baseline 0.015 -21"><span class='ocrx_word' id='word_1_283' title='bbox 121 3049 283 3128; x_wconf 72' lang='lat' dir='ltr'><strong>Augustum</strong></span> <span class='ocrx_word' id='word_1_284' title='bbox 298 3067 328 3110; x_wconf 82' lang='lat' dir='ltr'><strong>a.</strong></span> <span class='ocrx_word' id='word_1_285' title='bbox 347 3057 412 3111; x_wconf 93' lang='grc'><strong>733.</strong></span> <span class='ocrx_word' id='word_1_286' title='bbox 444 3060 511 3113; x_wconf 78' lang='grc'><strong>734.</strong></span> 
     </span>
     <span class='ocr_line' id='line_1_35' title="bbox 183 3132 1124 3220; baseline 0.006 -28"><span class='ocrx_word' id='word_1_287' title='bbox 183 3132 299 3194; x_wconf 90' lang='lat' dir='ltr'><strong>Asinius</strong></span> <span class='ocrx_word' id='word_1_288' title='bbox 326 3134 419 3197; x_wconf 90' lang='lat' dir='ltr'><strong>Pollio</strong></span> <span class='ocrx_word' id='word_1_289' title='bbox 446 3145 545 3196; x_wconf 91' lang='lat' dir='ltr'><strong>orator</strong></span> <span class='ocrx_word' id='word_1_290' title='bbox 572 3146 600 3197; x_wconf 90' lang='lat' dir='ltr'><strong>ct</strong></span> <span class='ocrx_word' id='word_1_291' title='bbox 629 3139 806 3218; x_wconf 88' lang='lat' dir='ltr'><strong>consularis,</strong></span> <span class='ocrx_word' id='word_1_292' title='bbox 836 3141 884 3220; x_wconf 89' lang='lat' dir='ltr'><strong>qui</strong></span> <span class='ocrx_word' id='word_1_293' title='bbox 917 3139 954 3200; x_wconf 90' lang='lat' dir='ltr'><strong>de</strong></span> <span class='ocrx_word' id='word_1_294' title='bbox 984 3137 1124 3198; x_wconf 88' lang='lat' dir='ltr'><strong>Dalmatis</strong></span> 
     </span>
     <span class='ocr_line' id='line_1_36' title="bbox 77 3217 1125 3302; baseline 0.009 -27"><span class='ocrx_word' id='word_1_295' title='bbox 77 3243 110 3286; x_wconf 54' lang='grc' dir='ltr'><strong>ιδ</strong></span> <span class='ocrx_word' id='word_1_296' title='bbox 120 3217 393 3296; x_wconf 85' lang='lat' dir='ltr'><strong>triumphaverat,in</strong></span> <span class='ocrx_word' id='word_1_297' title='bbox 406 3219 645 3284; x_wconf 87' lang='lat' dir='ltr'><strong>villaPusculana</strong></span> <span class='ocrx_word' id='word_1_298' title='bbox 654 3242 728 3287; x_wconf 91' lang='lat' dir='ltr'><strong>anno</strong></span> <span class='ocrx_word' id='word_1_299' title='bbox 742 3225 925 3302; x_wconf 81' lang='lat' dir='ltr'><strong>octogesimo</strong></span> <span class='ocrx_word' id='word_1_300' title='bbox 938 3223 1041 3285; x_wconf 88' lang='lat' dir='ltr'><strong>aetatis</strong></span> <span class='ocrx_word' id='word_1_301' title='bbox 1053 3241 1125 3284; x_wconf 86' lang='lat' dir='ltr'><strong>suae</strong></span> 
     </span>
     <span class='ocr_line' id='line_1_37' title="bbox 119 3303 1070 3367; baseline 0.011 -7"><span class='ocrx_word' id='word_1_302' title='bbox 119 3303 239 3362; x_wconf 89' lang='lat' dir='ltr'><strong>moritur</strong></span> <span class='ocrx_word' id='word_1_303' title='bbox 254 3321 284 3363; x_wconf 86' lang='lat' dir='ltr'><strong>a.</strong></span> <span class='ocrx_word' id='word_1_304' title='bbox 303 3311 369 3364; x_wconf 75' lang='lat'><strong><em>757.</em></strong></span> <span class='ocrx_word' id='word_1_305' title='bbox 387 3311 455 3367; x_wconf 82' lang='grc'><strong>753.</strong></span> <span class='ocrx_word' id='word_1_306' title='bbox 1068 3309 1070 3312; x_wconf 78' lang='grc'><strong>’</strong></span> 
     </span>
     <span class='ocr_line' id='line_1_38' title="bbox 183 3385 1127 3456; baseline 0.008 -10"><span class='ocrx_word' id='word_1_307' title='bbox 183 3385 310 3449; x_wconf 85' lang='lat' dir='ltr'><strong>Messala</strong></span> <span class='ocrx_word' id='word_1_308' title='bbox 332 3386 477 3450; x_wconf 82' lang='lat' dir='ltr'><strong>Corvinus</strong></span> <span class='ocrx_word' id='word_1_309' title='bbox 494 3401 594 3452; x_wconf 88' lang='lat' dir='ltr'><strong>orator</strong></span> <span class='ocrx_word' id='word_1_310' title='bbox 616 3392 745 3454; x_wconf 86' lang='lat' dir='ltr'><strong>nascitur</strong></span> <span class='ocrx_word' id='word_1_311' title='bbox 763 3401 791 3453; x_wconf 86' lang='lat' dir='ltr'><strong>et</strong></span> <span class='ocrx_word' id='word_1_312' title='bbox 807 3390 841 3452; x_wconf 85' lang='lat' dir='ltr'><strong>P.</strong></span> <span class='ocrx_word' id='word_1_313' title='bbox 857 3391 955 3452; x_wconf 86' lang='lat' dir='ltr'><strong>Livius</strong></span> <span class='ocrx_word' id='word_1_314' title='bbox 969 3392 1127 3456; x_wconf 80' lang='lat' dir='ltr'><strong>Patruinus.</strong></span> 
     </span>
    </p>
   </div>
   <div class='ocr_carea' id='block_1_6' title="bbox 116 3470 1124 3622">
    <p class='ocr_par' dir='ltr' id='par_1_7' title="bbox 116 3470 1124 3622">
     <span class='ocr_line' id='line_1_39' title="bbox 116 3470 1124 3558; baseline 0.006 -28"><span class='ocrx_word' id='word_1_315' title='bbox 116 3472 247 3550; x_wconf 88' lang='lat' dir='ltr'><strong>scriptor</strong></span> <span class='ocrx_word' id='word_1_316' title='bbox 261 3470 416 3534; x_wconf 86' lang='lat' dir='ltr'><strong>historicus</strong></span> <span class='ocrx_word' id='word_1_317' title='bbox 439 3492 468 3535; x_wconf 85' lang='lat' dir='ltr'><strong>o.</strong></span> <span class='ocrx_word' id='word_1_318' title='bbox 485 3482 666 3539; x_wconf 77' lang='lat' dir='ltr'><strong>tos—697.</strong></span> <span class='ocrx_word' id='word_1_319' title='bbox 683 3521 690 3535; x_wconf 90' lang='lat'><strong>.</strong></span> <span class='ocrx_word' id='word_1_320' title='bbox 707 3521 715 3536; x_wconf 90' lang='lat'>.</span> <span class='ocrx_word' id='word_1_321' title='bbox 732 3476 883 3539; x_wconf 82' lang='lat' dir='ltr'><strong>Messala</strong></span> <span class='ocrx_word' id='word_1_322' title='bbox 900 3473 1043 3538; x_wconf 87' lang='lat' dir='ltr'><strong>Corvinus</strong></span> <span class='ocrx_word' id='word_1_323' title='bbox 1065 3476 1124 3558; x_wconf 91' lang='lat' dir='ltr'><strong>pri·</strong></span> 
     </span>
     <span class='ocr_line' id='line_1_40' title="bbox 171 3561 970 3622; baseline 0.009 -8"><span class='ocrx_word' id='word_1_324' title='bbox 171 3574 323 3617; x_wconf 77' lang='lat' dir='ltr'><strong>stercutus.</strong></span> <span class='ocrx_word' id='word_1_325' title='bbox 931 3561 970 3622; x_wconf 84' lang='lat'><strong>19</strong></span> 
     </span>
    </p>
   </div>
   <div class='ocr_carea' id='block_1_7' title="bbox 0 0 1219 3876">
    <p class='ocr_par' dir='ltr' id='par_1_8' title="bbox 0 0 1219 3876">
     <span class='ocr_line' id='line_1_41' title="bbox 0 0 1219 3876; baseline 0 0"><span class='ocrx_word' id='word_1_326' title='bbox 0 0 1219 3876; x_wconf 95' lang='lat' dir='ltr'><strong> </strong></span> 
     </span>
    </p>
   </div>
  </div>
 </body>
</html>
