2412 3876
476 202 580 250 nrvus
597 203 788 252 accusans
1087 195 1126 256 61

119 355 225 416 mutuis
240 354 345 431 iunxit,
369 356 600 435 promptissimus
623 357 767 419 affinitatis
790 358 929 438 cuiusque
952 368 1039 438 atque
1061 361 1128 421 ami·

121 441 208 500 eitiae
224 440 397 499 conciliator
416 448 444 500 et
460 440 571 511 lautum
594 459 650 502 nee
665 443 750 503 aliter
766 444 919 504 universos
942 460 1025 522 quam
1041 462 1128 505 mem·

121 524 176 584 bra
193 523 342 602 partisque
358 525 471 602 imperii
489 543 577 585 curae
593 524 706 603 babuit,
729 533 875 587 rectorem
892 545 1009 606 quoque
1026 528 1128 590 solitus

122 624 276 687 apponere
292 615 387 667 aetate
403 609 501 686 parvis
516 618 564 668 aut
578 618 673 670 mente
690 610 798 688 lapsis,
814 610 907 670 donec
924 611 1129 672 adolescerent

0 674 1 703 ³
94 701 173 753 aaut
196 691 421 770 resipiscereut;
445 709 480 752 ac
502 691 687 771 plurimorum
710 693 821 754 liberos
843 703 873 754 et
896 694 1029 757 educavit
1045 696 1128 756 simul

1 867 4 1016 l

122 793 188 836 curn
205 775 264 834 suis
280 784 309 835 et
325 775 452 834 instituit.

182 858 230 920 Ex
241 857 410 918 militaribus
427 858 521 938 copiis
537 859 672 937 legiones
686 871 715 921 et
731 861 837 922 auxilia
853 862 1055 940 provinciatim
1074 862 1172 925 tis-to

119 943 236 1018 tribuit,
258 943 382 1003 classem
395 942 499 1005 Miseni
520 952 550 1002 et
572 943 692 1004 alteram
705 945 864 1006 Rauennae
887 944 923 1006 ad
942 945 1060 1006 tutelam
1076 947 1128 1006 Su-

120 1028 187 1107 peri
203 1034 232 1086 et
248 1025 337 1086 luieri
353 1027 440 1086 maris
455 1027 636 1105 conlocavit,
661 1037 789 1089 ceterum
810 1047 957 1089 numerum
979 1031 1082 1108 partim
1100 1029 1129 1088 iu
1160 1088 1162 1093 ,

1 1124 9 1173 t
54 1115 59 1120 ’
82 1109 203 1175 aourbis
218 1111 321 1189 partim
338 1111 367 1169 in
384 1111 428 1170 sui
443 1110 602 1171 custodiam
617 1111 742 1189 adlegit,
759 1111 874 1172 dimissa
893 1111 1129 1190 Calagurritano-

120 1213 184 1256 rum
200 1212 299 1271 manu,
319 1212 402 1273 quam
418 1212 511 1273 usque
528 1195 564 1255 ed
580 1194 724 1256 devictum
738 1196 910 1274 Antonium,
927 1199 995 1256 item
1011 1197 1128 1257 Germa·

120 1296 241 1355 norum,
268 1295 352 1357 quam
377 1295 469 1357 neque
495 1278 532 1339 ad
559 1279 670 1340 cladem
690 1281 844 1341 Varianam
867 1281 943 1341 inter
967 1283 1129 1358 armigeros

123 1365 204 1424 circa
219 1380 251 1422 se
266 1360 416 1424 habuerat.
454 1361 559 1450 Neque
581 1372 676 1424 tamen
697 1383 829 1443 umquam
853 1365 953 1442 plnres
970 1382 1053 1442 quarn
1068 1374 1129 1424 tres

123 1445 262 1508 cobortes
287 1447 316 1504 in
337 1446 410 1506 urbe
432 1465 499 1507 esse
522 1465 626 1526 passus
651 1456 696 1507 est
712 1466 821 1526 easque
840 1449 902 1508 sine
921 1449 1039 1524 castris,
1062 1448 1128 1506 reli-

83 1549 111 1590 ιε
123 1549 199 1611 quas
215 1531 244 1589 in
257 1529 378 1590 hiberna
394 1540 422 1590 et
440 1532 550 1592 aestiva
568 1533 645 1592 eirea
662 1533 780 1593 finitima
802 1531 909 1611 oppida
926 1532 1068 1592 dimittere
1084 1549 1128 1591 as·

121 1623 231 1676 suerat.
271 1614 415 1694 Quidquid
438 1624 532 1675 autem
558 1616 666 1695 ubique
696 1615 815 1676 militum
839 1625 934 1693 esset,
960 1613 995 1674 ad
1021 1624 1129 1675 certam

122 1696 332 1776 stipendiorum
354 1700 606 1777 praemiorumque
631 1699 785 1761 formulam
810 1699 978 1774 adstrinxit,
1005 1698 1129 1758 delinitis

121 1799 179 1862 pro
196 1780 288 1858 gradu
303 1783 441 1862 cuiusque
458 1791 487 1841 et
504 1783 684 1861 temporibus
701 1783 819 1844 militiae
841 1791 870 1842 et
886 1782 1045 1844 commodis
1062 1783 1128 1842 mis-

122 1863 252 1941 sionum,
276 1883 313 1924 ne
335 1874 383 1925 aut
405 1874 501 1925 aetate
527 1875 574 1926 aut
588 1869 687 1946 iuopia
701 1875 769 1946 post
789 1866 957 1927 missionem
976 1865 1128 1928 sollicitari

79 1968 109 2009 ao
120 1949 159 2011 ad
177 1967 226 2010 res
248 1967 341 2009 novas
363 1958 493 2028 possent.
530 1951 628 2029 thue
650 1959 793 2030 perpetuo
817 1968 853 2010 ac
875 1950 938 2010 siue
959 1948 1129 2010 difficultate

119 2042 252 2112 sumptus
272 2033 308 2093 ed
323 2032 446 2094 tuendos
462 2050 516 2094 eos
532 2034 813 2113 prosequendosque
836 2042 1025 2113 suppeteret,
1046 2050 1127 2094 aera-

118 2120 193 2178 rium
208 2116 331 2178 militare
350 2136 413 2177 cum
428 2117 623 2195 vectigalibus
639 2120 723 2178 novis
740 2119 895 2179 constituit.

185 2200 224 2260 Et
248 2217 305 2278 quo
331 2201 455 2262 celerius
478 2219 513 2261 ac
535 2201 587 2262 sub
609 2221 721 2263 manum
744 2201 902 2262 adnuntiari
927 2204 1128 2281 cognoscique

120 2293 241 2365 posset,
265 2283 333 2362 quid
351 2286 382 2344 in
398 2286 549 2364 prouincia
572 2304 686 2365 quaque
701 2295 869 2364 gereretur,
890 2287 1016 2347 iuvenes
1034 2287 1127 2364 primo

81 2368 244 2430 asmodicis
261 2369 423 2430 intervallis
440 2387 493 2449 per
510 2369 640 2432 militaris
654 2373 732 2446 vias,
755 2369 859 2430 dehinc
880 2370 1014 2430 vehicula
1029 2369 1126 2447 dispo-

121 2455 187 2514 suit.
225 2449 410 2513 Commodius
426 2454 455 2513 id
471 2456 561 2515 visum
578 2464 638 2532 est,
662 2465 691 2514 ut
706 2455 755 2533 qui
771 2471 786 2512 a
804 2454 1039 2537 locoperferum
1053 2453 1127 2513 litte·

119 2555 186 2613 ras,
203 2537 379 2614 interrogari
398 2555 532 2617 quoque,
548 2540 572 2598 si
589 2538 657 2617 quid
671 2557 719 2598 res
736 2538 872 2614 exigant,
888 2538 1010 2616 possint.
1037 2536 1070 2595 ln
1086 2535 1171 2595 ‹tt-50

121 2619 297 2701 plomatibns
317 2620 485 2701 libellisque
511 2631 541 2682 et
566 2623 699 2702 epistolis
720 2621 868 2698 signandis
893 2622 973 2681 initio
1003 2620 1127 2700 sphinge

120 2723 191 2764 usus
219 2712 280 2780 est,
306 2722 376 2764 mox
404 2707 529 2783 imagine
556 2706 653 2783 llagni
680 2704 854 2782 Alexandri,
881 2706 1037 2766 novissime
1066 2722 1127 2780 sna,

85 2787 303 2850 toDioscuridis
318 2801 402 2850 manu
418 2790 547 2870 sculpta,
570 2807 626 2869 qua
642 2791 760 2866 signare
778 2790 901 2850 insecuti
917 2806 1034 2869 quoque
1050 2790 1126 2868 prin-

122 2874 206 2952 cipes
230 2883 465 2951 perseverarunt.
503 2873 550 2934 nt
574 2873 714 2953 epistolas
737 2877 827 2933 omnis
849 2873 984 2934 horarum
1010 2890 1126 2951 quoque

119 2964 265 3019 momenta
280 2973 336 3017 nec
355 2956 514 3018 dicimodo
534 2958 587 3018 sed
604 2967 632 3016 et
653 2959 765 3034 noctis,
789 2958 892 3036 quibus
914 2959 998 3019 datae
1019 2957 1126 3034 signiti-

121 3048 271 3118 carentur,
289 3038 423 3101 addebat.
1134 3053 1158 3078 a*

185 3123 363 3186 Clementiae
380 3125 582 3204 ciuilitatisque
598 3126 660 3186 eius
682 3127 768 3186 multa
791 3135 820 3186 et
840 3145 942 3204 magna
958 3126 1127 3185 documenta
1135 3139 1168 3190 51

1 3226 6 3254 ³
83 3225 110 3268 aa
121 3217 195 3270 sunt.
230 3207 275 3268 Ne
292 3227 472 3288 enumerem,
488 3219 559 3289 quot
574 3220 603 3270 et
618 3228 692 3289 quos
710 3211 888 3272 diversarum
905 3212 1025 3289 partium
1042 3210 1126 3267 venia

120 3301 150 3354 et
164 3293 364 3354 lne‘olumitate
380 3294 502 3355 donatos
518 3296 681 3374 principem
699 3296 783 3355 etiam
798 3297 827 3353 in
844 3295 959 3354 civitate
975 3292 1070 3351 locum
1085 3302 1126 3351 te-

119 3396 192 3438 nere
214 3395 318 3457 passus
341 3380 392 3439 sit:
419 3379 529 3439 lunium
549 3376 693 3440 Nouatum
716 3388 745 3438 et
763 3376 895 3440 Cassium
917 3376 1083 3436 Patauinum
1110 3395 1126 3435 e

120 3459 210 3540 plebe
228 3461 360 3522 homines
386 3463 506 3524 alterurn
529 3465 669 3542 pecnnia,
691 3462 811 3524 alterum
834 3463 891 3521 levi
914 3459 1003 3520 exilio
1024 3463 1126 3538 punire
