2444 3872
426 181 531 230 nrvus
554 180 745 230 audoenus.
1050 169 1090 234 85

82 334 414 417 discinctipedibusque
430 335 523 413 nudis,
539 353 574 396 ac
584 335 737 398 blausoleo
753 333 952 398 condiderunt.
972 335 1004 397 ld
1016 353 1092 417 opus

10 419 11 426 ³
81 422 158 480 iuter
171 419 340 482 Flaminiam
360 421 434 479 mam
457 421 608 499 ripamque
625 419 739 481 Tiberis
761 429 845 480 sexto
868 437 922 480 suo
941 421 1092 482 consulatu

82 512 252 565 extruxerat
274 505 533 581 circumiectasque
552 504 644 566 silvas
666 512 697 564 et
717 503 961 565 ambulationes
953 523 981 564 ur
1009 522 1091 566 usum

80 588 207 670 populi
199 604 254 649 ram
271 597 329 648 turn
345 587 515 668 publicarat.
1084 563 1175 652 aff

58 686 71 727 s
147 671 371 749 Testamentum,
387 668 585 732 LNJPlancoG
598 671 670 732 silio
687 689 768 736 cous.
783 672 833 734 111.
848 670 925 733 Non.
938 672 1068 750 Apriles,
1083 657 1132 740 lob

80 766 147 818 aute
171 775 275 816 annum
296 765 326 816 et
345 717 479 836 qbattuor
500 773 616 816 menses
624 773 717 856 'quern
733 757 908 834 decederet,
930 756 1037 817 lactum
1053 757 1090 818 ab

80 859 118 902 eo
134 859 171 902 ac
186 838 299 901 duobus
315 839 480 917 codicibus,
503 840 607 918 partim
622 841 714 918 ipsius
728 841 833 921 partim
847 801 1017 901 tibe’rtornn
1034 841 1089 902 Po·

10 927 11 948 l
79 925 140 1002 lybi
159 935 188 985 et
204 925 360 986 Hilarionis
377 941 477 999 manu,
498 925 642 1024 scriptum
652 923 875 1004 depositumque
890 924 966 1004 apud
982 944 1015 987 se
1032 927 1089 987 vir-

80 1012 166 1088 gines
180 1009 319 1070 Vestales
341 1025 405 1069 cum
427 1006 519 1068 tribus
537 1009 659 1086 signatis
674 1025 769 1096 aeque
783 1007 976 1070 voluminibus
990 1019 1089 1090 protu-

47 1095 185 1155 tolerunt
220 1093 302 1167 Quae
326 1093 421 1154 omnia
446 1093 475 1152 lu
502 1100 603 1169 senatu
630 1102 733 1170 aperta
759 1103 845 1172 atque
871 1095 992 1155 recitata
1014 1103 1089 1155 sunt.

79 1177 213 1240 Heredes
234 1178 354 1238 instituit
375 1177 500 1256 primos:
523 1175 669 1236 liberium
689 1195 728 1236 ex
748 1186 831 1256 parte
847 1175 962 1238 dimidia
979 1186 1008 1238 et
1023 1197 1089 1238 sex-

79 1271 180 1340 tante,
202 1262 310 1322 Liviam
339 1269 482 1339 exparte
506 1261 607 1336 tertia,
635 1277 710 1339 quos
731 1271 760 1321 et
779 1261 859 1321 lerre
880 1279 985 1322 nomen
1009 1281 1090 1323 suum

79 1348 179 1422 iussit,
197 1345 358 1406 secundos:
373 1344 497 1405 Drusum
510 1343 608 1405 Tiberi
620 1345 707 1404 lilium
723 1365 761 1406 ex
775 1347 891 1422 triente,
909 1345 1089 1426 expertibus

10 1408 23 1507 ,Ῑ
79 1431 202 1510 reliquis
218 1429 418 1492 Germanicum
434 1428 604 1508 liberosque
622 1429 684 1489 eius
701 1439 763 1490 tres
777 1447 865 1490 sexus
880 1430 984 1507 virilis,
1001 1432 1089 1491 tertio

14 1514 189 1595 wisgrade
207 1515 389 1595 propinquos
405 1513 573 1594 amicosque
590 1513 758 1592 compluris.
787 1512 910 1593 Legavit
926 1515 1092 1594 populoll.¹
1153 1559 1157 1577 .

10 1624 19 1666 t
14 1598 333 1681 quadringenties,
355 1596 487 1658 tribubus
507 1599 608 1668 tricies
613 1598 785 1679 quinquies
802 1599 980 1674 sestertium,
1004 1617 1087 1679 prae·
1077 1577 1185 1678 „aut

12 1674 18 1733 ἕ
77 1683 201 1744 torianis
215 1682 351 1743 militibus
369 1682 481 1759 singula
493 1682 571 1742 milia
583 1698 768 1760 nummorum,
787 1681 956 1743 cohortibus
971 1681 1088 1742 urbanis
1129 1689 1136 1713 ’-

79 1770 259 1847 quingenos,
282 1767 441 1866 legionaris
464 1774 601 1827 trecenos
616 1784 760 1828 nummos:
785 1784 869 1845 quam
891 1783 1027 1827 summam
1042 1785 1088 1844 re:
1177 1757 1206 1832 tt

10 1863 15 1910 ι’
77 1853 262 1933 pffleptari
285 1851 380 1928 iussit,
402 1869 467 1910 nam
487 1860 516 1910 et
535 1852 720 1911 confiscatam
737 1870 854 1931 semper
870 1851 1089 1930 repositamque

10 1933 12 1986 Q
43 1936 230 1997 rohabuerat.
262 1935 385 2027 lleliqua
406 1935 504 2013 legata
526 1936 606 1996 varie
630 1934 708 1995 dedit
728 1935 923 2017 produxitque
947 1934 1089 2015 quaedam

77 2019 115 2081 ad
128 2020 221 2079 vicies
238 2020 414 2098 sestertium,
431 2019 535 2098 quibus
552 2019 702 2080 solvendis
718 2039 840 2082 annuum
853 2020 1020 2097 dlemliuiit,
1038 2039 1087 2080 eu·

77 2113 180 2165 cusata
202 2105 296 2165 reia
266 2104 296 2165 la
297 2103 415 2164 miliar-is
435 2096 651 2182 mediocritate,
677 2123 732 2165 neo
747 2106 812 2186 plus
830 2113 1036 2186 peruenturum
1052 2103 1088 2165 ad

75 2187 206 2250 heredes
225 2205 294 2249 suos
308 2207 392 2288 quam
408 2188 503 2248 milies
521 2198 550 2249 et
559 2189 752 2268 quingenties
769 2190 940 2270 professus,
957 2190 1140 2289 quamvis
1104 2198 1177 2276 γι

75 2273 183 2352 viginti
197 2273 338 2352 proximis
354 2274 434 2336 annis
451 2272 653 2351 quaterdecies
665 2274 759 2335 milies
775 2293 813 2334 ex
825 2275 1005 2336 testamentis
1020 2273 1100 2339 ami-1¹
1108 2297 1145 2336 x
1210 2277 1211 2281 ’

42 2374 182 2421 sucorum
203 2358 405 2437 percepisset,
429 2357 506 2436 quod
528 2375 622 2436 paene
643 2376 727 2418 omne
748 2377 812 2419 curn
829 2358 941 2419 duobus
958 2358 1089 2436 paternis

77 2443 260 2522 patrimoniis
284 2443 450 2522 ceterisque
472 2441 681 2502 hereditatibus
702 2445 731 2502 in
752 2461 861 2522 remp.
886 2442 1086 2504 absumsisset.

75 2527 167 2588 lulius
181 2527 266 2587 liliam
279 2536 473 2608 neptemque,
489 2528 513 2586 si
528 2526 595 2605 quid
609 2527 645 2587 iis
660 2526 826 2603 accidisset,
843 2529 934 2586 vetuit
948 2524 1087 2603 sepulcro

78 2628 132 2672 suo
150 2611 261 2671 inferri.
291 2610 396 2671 'l'ribus
411 2611 618 2688 voluminibus,
643 2629 699 2671 uno
716 2609 849 2670 mandata
864 2610 901 2670 de
916 2610 1019 2669 iuuere
1034 2625 1087 2668 suo

78 2694 253 2775 complexus
273 2704 334 2773 est,
356 2695 449 2756 altero
468 2695 594 2765 indicem
614 2713 709 2759 rerum
730 2714 795 2770 ase
813 2702 976 2772 gestarum,
1002 2711 1087 2772 quern
1129 2749 1134 2758 .

41 2798 66 2840 so
77 2779 172 2840 vellet
192 2778 280 2840 incidi
295 2779 331 2842 ¹iu
350 2779 449 2842 aeneis
469 2779 591 2856 tabulis,
614 2798 688 2858 quae
704 2789 769 2840 ante
785 2775 965 2840 Mausoleum
982 2787 1086 2838 statue·

75 2873 190 2941 rentur,
208 2865 295 2923 tertio
310 2863 485 2926 breviarium
500 2866 588 2924 totius
603 2865 733 2942 imperii,
750 2871 886 2944 quantum
902 2862 1020 2922 militum
1032 2861 1086 2923 sub

75 2949 172 3027 siguis
189 2947 295 3027 ubique
312 2957 407 3026 esset,
430 2956 565 3027 quantum
580 2950 721 3026 pecuniae
737 2950 767 3008 in
785 2948 899 3010 aerario
918 2956 948 3007 et
963 2947 1042 3007 lisois
1058 2955 1087 3006 et

74 3032 302 3111 uectigaliorum
323 3033 458 3092 residuis.
494 3031 611 3093 Adiecit
632 3041 661 3092 et
685 3033 855 3094 libertorum
877 3047 1086 3109 servorumque

74 3119 213 3196 nomina,
230 3131 247 3178 a
262 3115 365 3195 quibus
379 3119 454 3178 ratio
471 3119 550 3194 exigi
566 3124 679 3195 posset.
