2438 3872
437 193 484 240 un
502 193 754 242 onnnnsurcrs.
1040 185 1103 247 267

91 353 165 394 uvas
182 332 318 393 edidisse.
356 333 415 394 Sed
433 336 555 394 maxime
573 334 714 413 flagrabat
729 335 895 396 libidinibus
911 336 939 394 in
954 336 1103 413 mulieres,

92 435 186 496 usque
213 417 249 478 ad
268 417 409 477 infamiam
427 420 502 488 oris;
526 418 602 478 dicto
622 431 737 497 quoque
754 437 812 479 uon
832 420 959 480 infaceto
977 429 1103 480 notatum

6 577 7 580 Ἴ
92 502 190 560 ferunt
212 501 372 578 cuiusdam,
396 504 444 579 qui
469 520 532 562 cum
552 503 581 561 in
597 502 679 563 turba
702 503 832 562 osculum
848 502 902 562 sibi
923 505 1105 581 ingerentem

6 583 8 630 ἓ
93 603 257 664 quanquam
269 586 419 662 refugiens
434 584 564 645 deuitare
576 604 635 646 uon
650 596 766 665 posset,
787 583 840 648 l't’s
856 593 905 663 tu,
921 588 1020 666 inquit,
1037 605 1102 648 mc·
1168 579 1173 588 '

6 693 7 696 ¹
63 681 81 726 c
89 670 206 748 qisler,
224 669 363 749 quotiens
376 667 573 746 festinantem
589 670 721 749 aliquem
734 670 840 746 vides,
857 669 1050 751 obliqurire?

159 753 196 814 Μ.
210 752 346 813 Valerius
362 753 488 830 Probus,
505 753 656 831 Berytius,
672 754 719 815 diu
734 757 921 816 centuriatum
934 756 1034 834 petiit,
1052 755 1163 823 dont.

91 856 150 898 nec
168 837 265 897 taedio
281 837 317 897 ad
336 836 427 897 studia
444 856 477 897 se
499 838 628 898 contulit.
664 838 792 916 Legerat
806 841 835 898 in
850 841 1001 920 prouincia
1016 857 1103 919 quos·

6 917 7 970 ἶ
92 921 159 982 dam
174 931 292 981 veteres
313 921 432 981 libellos
452 922 527 1002 apud
547 925 785 1000 grammatistam‚
806 922 927 984 durante
949 921 1042 984 adhuc
1063 923 1103 982 ihi

71 1009 276 1086 antiquorum
298 1009 453 1083 memoria,
475 1005 597 1066 necdum
618 1009 733 1067 omniuo
755 1006 864 1068 abolita
886 1010 961 1068 sicut
981 1007 1102 1069 Romae.

50 1091 156 1151 acidos
180 1108 243 1150 curn
265 1089 431 1168 diligentius
452 1099 603 1169 repeteret
623 1100 709 1169 atque
733 1090 807 1152 aiios
829 1091 969 1171 deinceps
992 1108 1102 1169 coguo-

17 1245 18 1248 Ἴ
92 1193 180 1236 scere
199 1183 335 1252 cuperet,
352 1178 483 1253 quamuis
499 1192 598 1234 omnes
616 1177 759 1235 contemni
774 1176 926 1253 magisque
942 1175 1102 1254 obprobrio

90 1259 260 1337 legentibus
273 1276 358 1337 quam
370 1259 484 1339 gloriae
497 1269 526 1319 et
536 1259 643 1319 fructui
658 1277 724 1334 esse
737 1259 997 1337 animaduerteret,
1012 1259 1101 1319 nihilo

91 1346 187 1403 miuus
208 1345 238 1403 in
260 1345 412 1422 proposito
433 1345 551 1412 mensim
576 1343 723 1422 multaque
746 1342 924 1425 exemplaria
954 1351 1102 1404 contracta

93 1427 251 1488 emendare
269 1444 304 1487 ac
323 1426 501 1504 distinguere
523 1436 552 1488 et
577 1437 716 1488 annotare
735 1428 862 1504 curavit,
887 1427 943 1487 soii
965 1427 1031 1487 huic
1046 1443 1103 1485 nec

52 1529 81 1572 sc
93 1512 146 1573 ulli
163 1521 318 1591 praeterea
334 1513 537 1589 grammatices
553 1513 627 1591 parti
643 1511 765 1573 deditus.
804 1511 859 1572 Hic
873 1520 999 1570 nontam
1016 1511 1102 1570 disci·

6 1643 9 1670 ,
91 1596 180 1678 pulos
197 1614 281 1674 quam
297 1605 458 1655 sectatores
483 1595 594 1674 aliquot
607 1595 714 1656 habuit.
744 1594 895 1674 Nunquam
911 1596 986 1654 enim
1000 1596 1039 1654 ita
1051 1592 1101 1653 do·

6 1673 11 1752 i
93 1683 153 1742 cuit
173 1690 204 1740 ut
217 1681 347 1758 magistri
371 1697 525 1758 personam
541 1681 709 1747 sustinerem
731 1695 816 1740 unum
842 1679 1028 1754 stulterum,
1053 1676 1101 1737 uel

6 1803 7 1806 =
93 1783 160 1826 oum
187 1763 325 1843 plurimos
347 1773 407 1824 tres
428 1773 476 1824 aut
498 1773 620 1842 quatuor
643 1763 877 1843 postmeridianis
898 1762 980 1822 horis
1002 1761 1100 1821 admit·

92 1860 159 1910 tere
176 1847 307 1922 solebat,
325 1847 493 1925 cubausque
513 1851 588 1909 inter
611 1848 719 1926 longos
735 1865 771 1908 ac
791 1845 930 1924 vulgares
948 1863 1101 1906 sermones
1126 1847 1128 1854 ’

54 1945 83 1988 20
93 1935 199 2011 legere
215 1932 370 2011 quaedam,
387 1931 474 2011 idque
499 1949 630 2012 perraro.
666 1930 758 1991 Nimis
780 1947 874 2010 pauca
896 1939 925 1989 et
940 1931 1047 2006 exigua
1064 1927 1102 1988 de

94 2016 398 2096 quibusdam-minutis
412 2017 639 2095 quaestiunculis
655 2014 753 2076 edidit.
786 2013 916 2093 Reliquit
931 2022 1026 2075 autem
1041 2029 1101 2072 nou

6 2109 20 2186 ᾗ.
78 2097 1099 2176 mediocremsilvamobseruationumsermonisautiqui.
