2408 3870
429 232 642 282 PRAEFATIO.
920 235 996 285 XXV

1 402 9 418 ⁹
71 390 154 461 dico,
177 384 420 464 Copesiannm‚
451 390 667 462 Hulsianum,
691 391 913 465 Beruensem,
934 393 996 450 Pa·

71 474 211 530 latinos
246 481 334 544 tres,
371 473 643 546 viterbiensem,
681 475 996 550 Guelferbytanum

73 551 280 634 pulmum¹4).
318 557 350 613 lli
375 575 468 614 omnes
484 576 510 632 p.
529 558 599 629 128,
625 559 662 615 16
685 562 721 614 de
743 563 825 616 caelo
848 565 995 618 001111110-

75 645 120 698 bis
147 657 205 698 rere
230 650 258 696 et
285 659 311 714 p.
336 642 411 713 168,
440 641 480 698 33
509 649 608 698 rectus
631 642 726 713 facr'te
756 645 832 715 quasi
860 645 995 718 iuterpre-

75 725 152 782 tandi
172 740 251 782 causa
272 727 465 799 interponunt,
488 743 515 798 p.
534 725 605 795 224,
629 726 807 782 Vincentem
829 735 931 797 sponte
955 747 993 785 un

76 816 217 867 euocatus
239 808 376 880 scribunt,
399 827 426 884 p.
444 807 516 882 245,
538 809 557 866 0
580 813 789 882 improvinciae
811 813 949 868 omittunt.

147 989 191 1054 14)
209 989 337 1039 Medieeus
359 991 472 1054 primus,
495 987 576 1054 plutei
597 989 630 1041 66
654 1004 757 1040 numero
775 992 820 1050 39,
844 990 938 1043 saeculi
956 990 995 1042 XI

76 1057 209 1108 Gronovio
237 1058 381 1118 videbatur;
409 1055 519 1106 Baudini
544 1071 611 1110 saec.
633 1056 693 1106 XIII
719 1060 828 1107 Ineuntis
856 1059 938 1110 docet.
964 1087 995 1096 -

75 1120 268 1174 Toruaceus'em
294 1124 406 1174 codicem
432 1133 606 1188 pervetustum
629 1140 643 1172 e
664 1126 820 1174 monasterio
844 1124 871 1176 S.
893 1127 994 1176 Martini

76 1193 192 1242 ablatum
221 1191 362 1242 Guilelmus
397 1190 535 1241 Montioius
565 1191 665 1254 Anglns
699 1207 766 1241 anuo
800 1194 898 1243 circiter
928 1195 997 1246 1515

77 1261 201 1316 Erasmo,
224 1259 347 1308 Erasmus
366 1273 389 1308 a.
410 1260 476 1308 1530
493 1257 617 1307 Glareauo
640 1259 708 1308 douo
727 1259 804 1309 dedit.
839 1261 933 1310 Postea
955 1272 994 1311 ta·

76 1341 137 1376 men
156 1341 171 1375 a
188 1326 392 1375 Tornaoensibus
409 1326 564 1389 reciperatus
586 1333 636 1382 est,
659 1340 716 1374 cnm
735 1336 760 1375 et
777 1324 861 1376 lielrio
885 1326 929 1392 (ad
947 1327 993 1378 Se-

78 1408 167 1444 necam
186 1395 311 1457 tragicum
329 1408 355 1457 p.
375 1391 436 1454 239)
459 1405 517 1441 eum
535 1392 626 1441 viderit
643 1402 668 1443 et
685 1393 835 1443 Torrentius
854 1409 921 1444 nove
939 1397 994 1445 eius

78 1461 215 1510 collatione
237 1475 300 1510 usus
324 1461 365 1514 sit.
400 1459 597 1508 Desiderabatur
619 1460 645 1508 in
669 1475 698 1509 eo
716 1459 859 1510 Domitiani
881 1463 994 1511 maxima

78 1545 141 1594 pars
159 1543 174 1576 a
192 1543 249 1592 cap.
260 1531 285 1577 2.
302 1559 336 1568 -
353 1526 454 1576 Henrioi
471 1525 572 1591 Copesii
588 1525 680 1575 librum
698 1529 852 1578 nitidissime
869 1530 995 1594 scriptum

78 1597 203 1646 Graevius
226 1594 333 1644 contulit
354 1594 493 1655 eademque
515 1593 649 1644 collatIone
675 1609 738 1644 usus
762 1603 801 1645 est
822 1593 991 1648 Burmannus.

12 1697 14 1699 -
80 1664 122 1712 Ad
140 1662 270 1712 saeculum
281 1661 341 1710 XIII
357 1661 506 1720 retulerunt,
525 1661 571 1710 sed
589 1660 623 1712 ad
641 1660 691 1710 XV
702 1661 741 1710 vel
760 1677 837 1712 uuum
855 1661 918 1712 illud
936 1667 997 1730 quoi

79 1745 129 1795 pro
148 1732 189 1780 cni
205 1730 282 1779 scribi
300 1727 403 1779 solitum
426 1728 510 1777 trahit.
530 1755 562 1764 -
580 1727 663 1777 Hnlsii
682 1729 795 1779 consulis
813 1731 940 1794 Hegeusis
963 1731 993 1778 li-

78 1799 167 1857 brum,
193 1799 236 1858 qui
259 1797 319 1846 item
337 1797 484 1846 recentioris
503 1795 592 1844 aetatis
614 1794 676 1855 luit,
698 1795 860 1846 Burmannus
878 1797 994 1846 adhibuit

78 1880 97 1914 a
115 1864 252 1916 Stavereno
271 1863 398 1916 collatum.
433 1862 556 1911 Hulsiana
573 1861 725 1912 bibliotheca
742 1877 800 1912 cnm
818 1879 841 1912 a.
860 1863 993 1915 11301111-

80 1947 131 1998 gae
149 1932 267 1990 venierit,
291 1931 413 1996 Hageuus
435 1926 478 1978 ille
495 1929 590 1988 codex,
612 1944 688 1991 quem
710 1931 736 1978 in
754 1930 872 1980 auctione
889 1930 994 1996 Lougo-

79 2001 131 2049 1100
151 2001 223 2057 emit,
242 2008 332 2063 postea
343 1997 488 2047 Harlessius
506 1997 622 2061 possedit
639 2007 663 2046 et
675 1996 800 2060 Wolfius,
819 1999 994 2049 0110οΒ01011-

80 2067 171 2116 nensis
183 2065 335 2116 bibliotheca
346 2065 431 2130 babet,
449 2065 625 2113 membraneus
637 2063 757 2114 loliorum
769 2067 802 2115 46
814 2067 995 2128 maximorum,

30 2195 36 2202 Ι
80 2135 150 2182 idem
168 2149 226 2183 esse
243 2133 324 2182 videri
341 2142 428 2196 potest
444 2141 521 2193 etque
537 2131 684 2184 Hulsianus.
714 2132 804 2182 Mirum
821 2143 906 2183 tamen
924 2136 994 2196 quod

81 2199 195 2252 Wolfius
207 2200 278 2264 dicit,
295 2200 380 2265 prima
391 2200 467 2249 verba
485 2213 542 2248 esse
554 2200 654 2250 Annum
665 2215 743 2265 uaeas
758 2207 857 2251 sectum
875 2203 995 2252 decimum

82 2277 108 2320 et
125 2283 172 2334 per
191 2268 276 2319 omnia
294 2267 407 2316 codicem
428 2265 581 2316 Memmiano
602 2266 759 2316 slmillimum
777 2284 834 2334 esse
855 2269 995 2334 (intelilge-

81 2338 126 2386 bat
148 2335 223 2386 credo
243 2333 373 2398 Obsopoei
395 2333 567 2391 collationem,
591 2347 641 2394 qua
663 2343 688 2382 et
709 2336 767 2399 ipsa
788 2335 915 2398 utebatur)
937 2351 995 2385 oum

82 2403 223 2453 Hulsianus
242 2403 341 2452 Annum
359 2417 437 2466 opens
455 2401 552 2451 Caesar
568 2416 590 2450 a.
610 2403 635 2450 d.
660 2401 782 2451 habuerit.
800 2402 996 2452 —Beruenses

83 2470 246 2535 (Bremeuses
271 2468 333 2518 nulli
349 2469 420 2530 snut)
436 2469 493 2517 duo
511 2467 606 2516 saeculi
624 2467 693 2526 XIV,
717 2468 780 2518 alter
802 2469 862 2518 olim
880 2469 994 2520 Danielis

84 2550 109 2588 ct
130 2537 281 2602 Bongarsii,
303 2551 371 2585 nunc
392 2549 498 2584 numero
518 2537 567 2584 104
589 2534 738 2596 distinctus,
760 2535 823 2584 alter
844 2537 997 2586 0020601

84 2605 193 2670 originis
211 2606 335 2667 Incertae,
360 2617 375 2651 a
393 2602 493 2651 Bremio
513 2610 538 2650 et
555 2599 685 2651 Oohsnero
704 2602 793 2652 Wolfii
811 2604 894 2668 gratia
911 2603 1015 2653 collati.
1054 2637 1059 2646 ·

2 2686 7 2690 ·
84 2682 159 2736 sunt,
185 2681 250 2721 certe
267 2686 314 2736 per
331 2670 389 2718 Divi
405 2669 463 2718 Iulii
479 2670 567 2718 vitam.
603 2669 659 2734 Ego
677 2685 735 2718 cum
759 2668 898 2736 Steigerl
915 2671 948 2721 V.
966 2671 996 2722 0.

83 2738 255 2791 benivolentia
276 2748 412 2802 utrumque
434 2737 503 2786 domi
524 2736 656 2796 haberem,
681 2738 767 2801 priore
789 2748 895 2803 propter
914 2741 996 2789 iucre-

84 2808 189 2859 dibiIem
214 2807 354 2856 litterarum
380 2804 516 2854 exilitatem
542 2817 651 2868 prorsus
677 2804 800 2865 abstinui,
828 2807 997 2870 posteriorem

84 2877 127 2928 hic
145 2875 197 2924 illic
213 2873 324 2938 inspexi.
353 2873 378 2921 Is
392 2871 487 2922 Graeca
504 2871 598 2932 ubique
614 2873 791 2935 praetermittit
808 2873 834 2921 in
851 2873 950 2927 lacuna.
963 2899 999 2909 -

84 2944 257 2994 Palatinarum
271 2941 347 2990 trium
359 2939 550 2999 codicumsqui
566 2937 610 2987 illo
622 2947 737 3003 tempore
747 2939 928 3006 Heidelbergae
939 2941 996 2992 Iue-

85 3021 154 3072 runt,
167 3025 235 3058 nunc
244 3009 341 3056 Romae
350 3007 527 3055 custodiuntur
537 3006 649 3054 numeris
658 3005 739 3058 Palat.
747 3007 797 3058 896
809 3022 866 3069 sqq.
875 3008 997 3068 distincti,

86 3085 208 3143 excerpta
231 3075 357 3138 quaedam
379 3073 458 3124 edidit
474 3075 550 3123 Ianus
571 3072 692 3123 Gruterus
710 3088 732 3124 a.
754 3075 831 3132 1611,
853 3089 935 3139 paene
956 3077 995 3124 in-

86 3145 172 3204 utilia,
191 3158 248 3192 eum
260 3157 313 3191 uon
325 3141 451 3203 aequabili
468 3141 601 3204 diligentia
612 3141 813 3204 percucurrerit,
831 3141 878 3190 sed
895 3143 921 3190 ln
932 3141 998 3192 locis

87 3211 260 3262 controversis
279 3219 303 3260 et
320 3211 446 3274 suspectis
464 3207 540 3258 modo
558 3207 713 3272 inspexerim
736 3207 839 3256 luerunt
856 3210 906 3258 uisi
924 3209 997 3258 Iullor

87 3277 237 3336 saec.le
255 3275 406 3326 01111-
421 3275 589 3325 Viterbiensis
608 3275 675 3332 libri,
695 3290 768 3336 quem
786 3275 865 3324 Italus
884 3277 996 3337 quidam,

86 3349 162 3396 cuius
175 3359 268 3394 nomen
281 3343 375 3392 elutum
388 3353 437 3399 est,
451 3344 571 3393 Perusini
582 3345 651 3393 ueris
661 3343 762 3406 sapiens
774 3343 959 3406 intemperiem.
972 3379 998 3394 ..

24 3455 28 3462 .
91 3414 203 3466 Vitsrbii
222 3414 250 3464 in
270 3413 387 3477 propriis
408 3411 512 3462 aedibus
534 3425 624 3460 annum
645 3425 724 3474 aperte
749 3412 843 3460 aetatis
864 3409 1000 3464 XXVIII
