2444 3872
101 175 161 238 106
185 186 214 235 o.
234 184 384 235 suuuoru
405 184 534 245 nanno.
549 184 596 232 nn
610 185 694 232 vrun
710 183 894 233 cassanum
910 185 981 232 nra.
1001 185 1055 232 111.
1099 143 1102 148 Α

100 352 262 421 temporum
283 341 473 403 atrocitatem.
515 339 600 415 Quod
620 348 714 400 tamen
732 338 905 399 beneficium
925 341 995 399 tanti
1018 339 1105 399 aesti-

7 437 8 442 ’
100 425 204 503 mavit,
220 435 250 486 ut
265 433 390 485 montem
407 421 536 484 Caelium
551 423 748 504 appellatione
763 431 869 484 mutata
885 423 988 483 vocari
1003 422 1105 500 Augu·

99 520 175 572 stum
197 510 323 586 iusserit.
358 507 442 568 Militi
461 517 531 586 post
554 507 698 588 duplicata
722 525 760 566 ex
782 507 907 584 Augusti
931 514 1105 588 testamento

7 627 12 662 ;.
101 594 200 671 legata
217 593 288 653 nihil
303 609 436 670 umquam
453 590 576 670 largitus
593 600 653 666 est,
677 583 882 672 praeterquam
898 590 1011 668 singula
1027 591 1107 652 milia

99 678 283 740 denariorum
305 675 511 756 praetorianis,
532 675 609 755 quod
625 676 732 736 Seiano
755 693 788 736 se
809 692 867 734 non
889 673 1127 737 accommodas-s

101 770 183 838 sent,
214 769 244 820 et
273 759 413 838 quaedam
432 775 550 820 munera
567 760 696 834 Syriacis
716 757 900 836 legionibus,
924 756 1001 836 quod
1022 759 1106 819 solae

100 845 207 906 nullam
224 843 321 905 Seiani
340 841 494 920 imaginem
514 845 687 920 intersigna
705 843 873 903 coluissent.
905 843 1001 920 Atque
1020 844 1107 902 etiam

100 930 255 990 missiones
270 937 474 988 veteranorum
489 927 653 988 rarissimas
669 927 755 1004 fecit,
772 945 810 986 eu
825 928 907 986 senio
921 935 1051 1002 mortem,
1068 944 1108 985 ex

100 1021 195 1074 morta
217 1011 418 1089 compendium
440 1020 569 1088 captans.
599 1010 643 1070 Ne
666 1011 833 1089 provincias
849 1010 963 1090 quidem
977 1009 1106 1071 liberali-

100 1105 161 1159 tate
175 1096 234 1156 ulla
250 1094 423 1170 sublevavit,
441 1104 565 1174 excepta
580 1095 667 1172 hsia,
685 1094 814 1155 disiectis
829 1104 925 1155 terrae
939 1102 1019 1154 motu
1036 1093 1106 1154 civi-
1117 1105 1144 1148 to
1217 1119 1218 1124 κ

101 1179 218 1241 tatibus.
831 1187 833 1190 ’

60 1281 94 1337 49
165 1262 348 1323 Procedente
368 1278 437 1321 mox
457 1271 590 1340 tempore
606 1264 690 1322 etiam
706 1261 742 1338 ad
756 1261 872 1340 rapinas
889 1261 1106 1334 wuitfflhffll·

5 1365 187 1429 npggmum.
218 1347 270 1406 Sat
287 1353 414 1422 constat,
439 1343 499 1404 GN.
513 1345 662 1405 Lentulum
683 1363 838 1423 augurem,
864 1346 909 1405 eui
928 1362 1032 1406 census
1048 1362 1107 1404 ma·

26 1497 29 1502 ,
102 1434 195 1496 ximus
216 1430 320 1506 fuerit,
341 1436 417 1489 metu
435 1437 463 1488 et
479 1446 589 1506 angore
606 1429 641 1490 ad
656 1428 800 1489 fastidium
815 1430 891 1490 uitae
906 1428 942 1489 ab
960 1446 996 1488 eo
1013 1437 1108 1488 actum

103 1526 132 1577 et
154 1523 185 1575 ut
205 1533 243 1574 ue
263 1530 321 1592 quo
341 1513 395 1572 nisi
415 1514 480 1592 ipso
501 1512 610 1573 herede
632 1523 809 1583 moreretur;
837 1513 1053 1574 condemnatam
1078 1519 1144 1570 ctus

103 1599 359 1679 generosissimam
378 1596 512 1656 feminam
533 1597 686 1676 Lepidam,
712 1599 885 1674 ingratiam
907 1597 1017 1673 Quirini
1039 1611 1108 1655 con-

104 1683 208 1747 sularis
231 1679 401 1761 praedivitis
424 1689 454 1740 et
475 1679 556 1758 orbi,
578 1683 627 1758 qui
648 1681 793 1740 dimissam
816 1698 879 1741 eam
895 1699 912 1740 c
926 1679 1107 1741 matrimonio

6 1767 11 1776 '
103 1775 172 1846 post
191 1766 379 1825 vicensimum
400 1782 503 1824 anuum
525 1766 630 1824 veneni
646 1765 714 1824 olim
729 1766 758 1823 in
774 1783 807 1824 se
826 1764 985 1842 comparati
1002 1780 1108 1840 argue-

103 1850 167 1920 bat;
193 1857 347 1928 praeterea
364 1847 520 1909 Galliarum
534 1856 564 1907 et
580 1848 781 1927 Hispaniarum
798 1849 958 1927 Syriaeque
974 1855 1003 1906 et
1019 1847 1108 1907 Grae·

3 1957 5 2010 3
106 1934 169 1994 ciae
184 1933 334 2011 principes
351 1933 526 1992 confiscatos
544 1931 654 1991 ohtam
670 1932 736 1992 leve
750 1949 785 1993 ao
798 1941 855 1992 tam
871 1930 1012 2011 inpudens
1031 1930 1145 1990 calu-ac
1215 1981 1217 2012 ,

104 2018 242 2077 mularum
256 2032 364 2092 genus,
387 2024 417 2074 ut
433 2014 602 2092 quibusdam
617 2032 676 2075 non
693 2016 769 2076 aliud
785 2017 822 2075 sit
837 2015 1000 2091 obiectum,
1023 2031 1111 2093 quam
1216 2013 1217 2026 ¹

105 2098 183 2179 quod
198 2107 308 2176 partem
319 2101 362 2158 rei
375 2098 521 2158 familiaris
536 2100 564 2158 iu
576 2100 699 2178 pecunia
711 2099 866 2168 habereut;
880 2099 1010 2178 plurimis
1023 2099 1111 2158 etiam

3 2219 5 2224 ·
105 2180 269 2244 civitatibus
294 2191 323 2241 et
340 2183 460 2259 privatis
477 2191 594 2242 veteres
610 2184 800 2244 immunitates
823 2193 853 2242 et
869 2184 913 2243 ius
927 2181 1110 2243 metallorum

104 2285 139 2327 ac
155 2263 341 2340 vectigalium
358 2265 505 2344 adempta;
530 2266 583 2325 sed
598 2275 627 2326 et
642 2268 797 2328 Vononem
811 2285 914 2344 regem
928 2265 1109 2342 Parthorum,

105 2351 155 2429 qui
180 2347 281 2427 pulsus
306 2367 323 2408 a
343 2350 402 2408 suis
417 2350 499 2426 quasi
514 2350 543 2408 iu
559 2349 644 2409 fidem
659 2350 690 2410 Ρ.
705 2352 741 2412 R.
758 2369 822 2411 cum
836 2352 947 2428 ingenti
961 2367 1034 2427 gana
1049 2348 1109 2409 An·
1119 2365 1145 2406 aa

105 2430 242 2494 tioohiam
258 2450 292 2494 se
307 2441 477 2512 receperat,
498 2432 652 2511 spoliatum
667 2434 789 2511 perfidia
805 2443 835 2494 et
852 2436 991 2496 occisum.

63 2544 98 2596 50
170 2515 272 2577 Odium
296 2515 436 2576 adversus
453 2517 685 2576 necessitudines
706 2518 735 2578 iu
757 2517 853 2580 Druso
875 2519 996 2598 primurn
1017 2517 1109 2576 fratre

106 2601 216 2674 detexit
233 2599 362 2679 (prodita
378 2603 439 2660 eius
457 2599 591 2679 epistola,
615 2618 671 2679 qua
693 2620 792 2662 secum
808 2602 844 2662 de
860 2601 994 2679 cogendo
1010 2599 1046 2660 ad
1063 2618 1109 2659 re·

106 2682 279 2745 stituendam
300 2683 462 2743 libertatem
479 2683 612 2762 Augusto
634 2684 753 2766 agebat)
769 2686 873 2754 deinde
889 2694 918 2746 et
935 2688 962 2746 in
976 2684 1108 2762 reliquis.

105 2767 196 2828 Iuliae
224 2767 309 2825 uxori
337 2774 444 2827 tanturn
461 2768 530 2828 afuit
550 2777 581 2828 ut
601 2769 767 2847 relegatae,
791 2769 868 2848 quod
886 2771 1030 2830 minimum
1051 2775 1145 2844 estse

30 2869 33 2874 ’
106 2850 186 2910 offici
207 2858 255 2909 aut
276 2848 456 2914 humanitatis
478 2851 587 2930 aliquid
604 2854 779 2932 impertiret,
801 2861 830 2912 ut
847 2871 885 2940 eu
905 2853 1109 2914 constitutione

106 2935 198 3014 patris
219 2948 277 2993 uuo
300 2934 410 3013 oppido
426 2935 552 2996 clansam
568 2935 653 2996 domo
671 2954 788 3015 quoquc
804 2936 907 3014 egredi
923 2946 953 2998 et
969 2954 1108 2998 commer-

106 3019 154 3078 cio
175 3016 319 3076 homiuum
338 3018 394 3078 frui
419 3021 557 3088 vetuerit;
581 3019 633 3080 sed
657 3029 686 3078 et
702 3021 817 3099 peculio
835 3039 978 3094 concesso
994 3040 1010 3082 a
1026 3027 1110 3100 patre

107 3100 305 3181 praebitisque
317 3103 417 3162 annuis
429 3101 580 3180 fraudavit,
597 3121 651 3182 per
666 3106 795 3183 speciem
812 3104 921 3182 publici
934 3107 1012 3182 iuris,
1031 3102 1111 3183 quod

106 3184 177 3245 nihil
197 3183 234 3246 de
257 3182 302 3243 his
318 3184 467 3263 Augustus
491 3194 662 3248 testamento
687 3190 824 3248 cavisset.
861 3188 982 3249 blatrem
1001 3185 1144 3248 hiviamas

107 3277 246 3346 gravatus
266 3268 347 3328 velut
368 3279 466 3347 partes
486 3269 541 3330 sibi
556 3287 664 3348 aequas
679 3274 827 3349 potentiae
848 3271 1056 3350 vindicantem,
1081 3280 1110 3332 et

66 3384 68 3388 .
108 3369 299 3428 congressum
315 3354 377 3412 eius
392 3353 536 3412 assiduum
550 3355 651 3415 vitavit
668 3363 697 3414 et
708 3355 860 3434 longiores
871 3357 1109 3446 secretioresque

107 3451 276 3512 sermones,
300 3453 337 3496 ne
359 3436 507 3516 consiliis,
524 3437 626 3516 quibus
645 3447 739 3499 tamen
756 3439 898 3501 interdum
920 3449 950 3502 et
967 3445 1112 3520 egerc‘et
