2444 3872
73 79 115 115 f„
136 36 316 105 macab&

90 175 131 238 76
175 189 204 238 c
220 188 370 237 sunnon]
388 189 515 298 unsuq.
530 189 579 237 ou
593 189 676 236 vrrs
698 189 964 238 caesareanas.
979 190 1018 235 11.

89 344 204 405 facilius
225 345 358 405 efiiceret
376 353 423 404 aut
435 343 543 406 necubi
558 345 700 406 lectorem
715 344 764 405 rel
778 344 937 405 auditorem
954 341 1092 404 obturba-

87 438 134 490 ret
156 447 192 489 ac
210 438 389 506 moraretur,
411 447 506 509 neque
530 429 765 508 praepositiones
782 428 901 488 urbibus
916 427 1025 489 addere
1038 445 1092 486 ne·

5 517 64 586 „st
89 531 146 591 que
170 514 389 574 coniunctiones
413 515 530 592 saepius
550 514 657 574 iterare
678 511 831 590 dubitavit,
852 531 926 590 quae
941 512 1093 572 detractae

88 597 211 658 aderunt
225 597 331 676 aliquid
349 597 548 674 obscuritatis,
573 598 627 656 etsi
641 599 762 674 gratiam
778 606 895 674 augent.
924 594 1093 657 cacozelos

89 691 118 743 et
132 683 326 761 antiquarios,
344 691 372 742 ut
389 680 506 742 diverso
520 691 638 759 genere¹
646 681 780 756 vitiosos,
798 681 861 759 pari
873 679 990 740 fastidio
1005 696 1116 757 epte-s

89 768 128 827 rit
129 765 376 844 ,exagitabatque
391 782 617 863 nonnumquam;
632 766 662 823 in
676 763 775 842 primis
785 764 985 824 Maecenatem
997 781 1092 840 saum,

89 852 170 912 cuius
190 847 420 930 mambrccbt'r,
441 859 471 910 ut
489 851 543 926 ait,
566 848 725 909 demones
746 867 838 927 usqne
857 866 972 926 quaque
989 864 1091 926 perse·

88 938 183 1015 quitur
202 945 232 996 et
251 934 387 995 imitando
404 952 458 1013 per
472 935 568 994 iocum
583 931 692 992 irridet.
719 932 778 993 Sed
792 951 848 993 nec
862 931 979 992 'liberio
997 931 1092 1010 parcit

88 1028 118 1080 et
139 1021 273 1080 exoletas
288 1018 430 1079 interdum
444 1027 473 1077 et
488 1016 656 1077 reconditas
672 1034 764 1078 voces
780 1017 943 1095 aucupanti.
972 1015 1011 1075 Μ.
1027 1014 1090 1094 qui·

87 1103 151 1164 dem
170 1104 327 1164 Antonium
351 1111 381 1162 ut
405 1103 534 1161 insanum
560 1104 709 1179 increpat,
738 1104 821 1181 qnasi
847 1119 882 1162 ea
904 1099 1130 1177 scribentem,1e

87 1204 161 1266 quae
180 1189 319 1247 mirentur
340 1186 437 1264 potius
457 1185 590 1246 homines
612 1203 697 1265 quam
718 1185 902 1262 intellegant;
926 1184 1029 1246 deiude
1046 1183 1090 1244 lu·

87 1271 159 1330 dens
182 1271 286 1330 malum
306 1278 335 1329 et
352 1268 525 1329 'inconstans
547 1270 575 1328 in
596 1267 734 1346 eligendo
751 1287 863 1347 genere
878 1267 992 1329 dicendi
1007 1269 1090 1346 inge-

86 1358 161 1414 nium
177 1355 255 1431 eios,
274 1353 351 1413 addit
366 1353 455 1413 baec:
475 1351 579 1431 Tuque
589 1351 726 1430 dubitus,
741 1351 903 1433 Cimberne
912 1350 1032 1414 luntas
1046 1370 1092 1413 aa

90 1437 243 1498 Veranius
262 1436 395 1498 Flaccus
413 1436 555 1498 imitandi
572 1437 636 1497 rim
656 1435 729 1514 tibi,
750 1439 797 1499 ita
816 1445 850 1498 ut
863 1435 984 1514 uerbis,
1007 1453 1090 1517 quoe

87 1520 219 1601 Crispas
231 1519 402 1582 Sallustios
422 1520 579 1599 ecoerpsit
595 1538 635 1581 ee
653 1517 833 1601 Originibus
849 1519 995 1598 Umorem,
1015 1529 1129 1584 oto-1⁵

84 1607 152 1667 risi
167 1624 209 1667 oo
220 1606 324 1685 potior
336 1603 546 1666 Asiaticorum
560 1611 720 1666 oratorem
733 1605 839 1667 iconie
849 1605 1008 1667 sententiis
1017 1623 1087 1666 oer-

86 1691 194 1751 borom
224 1689 463 1752 volubilitates
488 1694 627 1750 nostram
651 1707 820 1752 emmonem
845 1688 1089 1768 bomfereedo?

83 1774 122 1834 Et
143 1774 264 1853 quadam
286 1773 411 1852 epistola
426 1772 609 1851 Agrippinae
625 1775 747 1853 neptis
738 1775 883 1852 ngenium
901 1773 1088 1850 conlaudans,

84 1857 149 1918 Sed
162 1876 241 1936 opus
256 1864 317 1933 est,
341 1859 448 1936 inquit,
473 1856 552 1916 dare
566 1863 596 1917 ie
610 1875 753 1936 operum,
772 1877 810 1919 ne
823 1857 949 1959 moleste
962 1855 1090 1920 acribus

87 1947 116 2003 et
134 1942 306 2022 loquaris.
1097 1961 1127 2002 co

41 2019 75 2075 87
148 2015 306 2085 Cotidiano
331 2042 466 2085 sermone
495 2027 636 2104 quaedam
660 2027 840 2106 frequentius
868 2035 897 2085 et
922 2025 1089 2086 notabiliter

85 2125 243 2186 usurpasse
258 2126 350 2185 eum,
380 2108 526 2168 litterae
518 2113 610 2190 ipsius
635 2110 836 2188 autographae
864 2118 1030 2187 ostentant,
1059 2111 1098 2170 in

87 2191 191 2269 quibus
216 2191 391 2268 identidem,
418 2209 482 2252 oum
507 2194 621 2272 aliquos
645 2212 796 2272 numquam
824 2193 971 2254 soluturos
999 2196 1088 2271 signi·

86 2277 176 2334 ficare
199 2274 273 2352 uult,
301 2275 345 2334 ocl
364 2237 437 2336 lsai.
461 2275 603 2338 Graecas
627 2277 785 2338 soluturos
806 2278 860 2347 ait;
888 2287 917 2337 et
937 2295 999 2338 cum
1019 2276 1088 2338 bor-

11 2353 15 2365 '
85 2366 160 2418 tator
182 2359 303 2420 ferenda
324 2377 392 2419 esse
415 2363 596 2438 praesentia,
617 2361 835 2441 qualiacumque
858 2363 929 2438 sint,
955 2365 1127 2422 contenere

85 2442 183 2502 simos
202 2442 262 2504 boc
278 2441 418 2514 Cotooe5
444 2452 479 2502 et
493 2443 529 2503 ad
549 2444 765 2524 exprimendam
779 2443 933 2504 festinatae
947 2463 990 2503 rer
983 2443 1088 2504 velo·
1216 2443 1217 2448 ’

86 2529 218 2603 citatem,
240 2527 372 2588 celerias
392 2543 484 2605 quom
504 2528 657 2607 asparagi
676 2534 847 2597 uocantem
869 2528 950 2607 ponit
971 2527 1089 2592 assidue

86 2618 115 2670 et
132 2627 188 2687 pro
211 2611 300 2670 stulto
321 2609 480 2671 bacculum
503 2611 590 2688 qpqd
605 2610 723 2691 pallam
735 2611 956 2689 pulleiooeatm,
979 2620 1009 2670 et
1030 2629 1087 2690 pro

86 2693 191 2753 cerrito
204 2709 422 2769 eeoerrosom,
439 2703 468 2754 et
481 2695 596 2772 capide
609 2713 642 2755 se
660 2694 768 2755 babere
783 2712 837 2772 pro
856 2694 948 2771 male,
965 2703 997 2776 et
1010 2693 1086 2766 beo-

82 2792 160 2836 sere
179 2794 235 2855 pro
257 2776 412 2853 languere,
431 2778 517 2856 'qood
536 2779 627 2857 volgo
648 2779 851 2840 leobeaisere
873 2777 990 2848 dicitor;
1016 2779 1128 2838 itemst
1191 2838 1193 2843 .

82 2859 180 2920 mmor
201 2869 383 2937 prosumus,
406 2868 435 2920 et
450 2860 558 2923 domos
575 2865 704 2941 genitivo
723 2880 791 2928 caso
809 2861 948 2938 singulari
964 2878 1018 2940 pro
1034 2861 1087 2922 do·

82 2960 154 3001 mos.
183 2941 248 3002 Nec
269 2960 401 3021 umquam
416 2943 500 3005 aliter
518 2945 592 3016 baec
609 2946 681 3024 duo,
701 2963 737 3005 ne
757 2946 821 3024 quis
842 2945 973 3023 mendam
992 2947 1089 3023 magis

84 3043 168 3103 quam
186 3027 421 3088 consuetudinem
437 3039 527 3108 putet.

142 3107 250 3170 Notaui
269 3111 340 3170 etin
357 3111 554 3190 chirographo
570 3114 633 3174 eius
648 3113 697 3174 illa
712 3114 889 3192 praecipue:
909 3131 968 3174 non
986 3112 1087 3173 dividit
1215 3183 1217 3196 ,

82 3193 173 3254 verba
193 3211 250 3254 uec
274 3193 310 3253 ab
332 3202 461 3254 extrema
481 3205 564 3274 parte
585 3215 720 3258 versuum
742 3197 913 3259 abundantis
928 3196 1065 3257 litteras
1057 3216 1127 3262 mss
1215 3199 1217 3210 '

84 3276 205 3338 alterum
225 3277 378 3355 transfert,
397 3278 449 3338 sed
468 3278 573 3339 ibidem
595 3281 689 3341 statim
710 3281 815 3341 subicit
828 3277 1085 3357 circumducitque.

39 3357 343 3440 &orthographiam
369 3363 398 3423 id
423 3370 469 3421 est
494 3362 645 3422 formulam
669 3366 870 3442 rationemque
896 3362 1044 3424 scribendi
1069 3381 1086 3425 a

83 3446 275 3516 grammaticis
298 3446 465 3523 institutam,
491 3463 548 3511 non
570 3445 644 3506 adeo
661 3448 785 3509 custodit
803 3466 839 3508 ac
853 3448 967 3522 ridetur
984 3463 1087 3508 eorum
