2416 3876
154 184 217 247 320
261 196 291 244 c.
311 195 476 243 suuromr
493 195 621 255 semo.
635 195 787 242 oureus.
800 195 942 244 morou.
953 195 1166 256 ammomum

154 350 241 410 trehit
254 359 386 429 tempus,
406 351 485 410 iners
500 351 564 410 siue
587 360 650 411 erte
665 361 695 410 et
715 350 822 411 nullius
836 351 927 413 offleii
943 369 1055 431 capax,
1078 354 1168 429 piger

154 452 209 512 per
223 437 317 494 omnia
333 453 425 512 aegro
440 435 548 512 similis,
560 437 661 512 segnis
675 444 804 496 semotus
818 455 835 496 a
851 436 951 496 mlure
963 436 1123 516 [sciendi]

193 518 294 584 Τιιοι
310 528 339 579 et
353 519 450 597 tueor]
464 528 530 580 tuor
543 520 641 597 rideo,
653 529 737 580 tueor
751 521 894 580 custodio.

217 603 344 683 Turpem
358 613 388 662 et
403 602 578 683 deformem}
595 607 687 682 turpis
704 605 780 681 vita,
799 605 939 664 uetomis
954 607 1064 682 speeie
1078 605 1165 666 iutel-
1186 603 1188 640 ¹

153 689 270 766 legitur.
510 727 515 732 -
1175 711 1185 750 ι

133 817 139 824 .
215 772 327 832 vadem
343 789 379 830 ao
399 788 572 848 sponsorem
594 781 624 831 et
639 771 790 851 praedem}
807 790 860 831 vas
881 774 931 851 qui
948 775 1045 850 ipsum
1061 792 1097 832 se
1116 784 1166 833 aut

154 856 230 918 aliud
247 853 399 935 quodlibet
415 872 469 933 pru
486 856 546 916 ulio
561 855 661 932 trudit,
686 873 815 934 sponsor
828 874 877 933 qur
870 855 980 916 olium
995 851 1188 937 sponsiouess}

154 959 205 1001 sua
220 941 358 1018 suscipit,
378 957 465 1018 praes
481 942 530 1019 qui
548 957 647 1019 prose
664 939 751 1000 elium
767 957 909 1018 praesens
923 944 1076 1018 praesenti
1092 939 1188 1002 dicit

153 1026 183 1085 id
198 1035 244 1085 est
259 1023 315 1084 dat.
370 1049 384 1080 ι

214 1112 336 1170 Vestem
348 1117 378 1168 et
387 1109 571 1188 vestimenta]
584 1110 676 1168 restis
682 1110 802 1187 proprie
815 1107 985 1168 feminarum
1001 1117 1057 1186 est,
1070 1111 1161 1170 vesti·
1169 1129 1188 1171 ιι

154 1203 279 1253 mentum
296 1195 431 1252 virorum.

214 1275 337 1337 Uvidum
356 1274 499 1334 humidum
518 1276 603 1335 udum
627 1285 656 1334 et
678 1273 833 1354 madidum]
852 1276 969 1336 uvidum
985 1279 1106 1357 penitus
1121 1279 1161 1336 iu-

154 1361 260 1421 fectum
280 1368 337 1436 est,
349 1357 491 1419 madidum
506 1377 544 1418 ex
560 1378 615 1420 uua
630 1368 723 1437 parte,
735 1359 879 1420 humsdum
887 1362 967 1440 quod
981 1360 1018 1420 ud
1033 1360 1160 1420 medrum

155 1461 247 1524 usque
263 1445 406 1523 pervenit
419 1441 504 1502 udum
518 1461 654 1504 summum
669 1451 777 1503 tautum
786 1451 893 1504 tautum
905 1447 1046 1523 cuiusque
1062 1444 1119 1504 rei.
1187 1491 1188 1498 ,

215 1530 309 1590 Vetus
324 1536 354 1588 et
370 1528 526 1627 vetustum}
549 1537 633 1588 vetus
648 1544 727 1588 uoto
743 1537 928 1628 eomparatur
943 1547 981 1587 ex
998 1521 1188 1604 eontrarium}

155 1622 298 1675 vetustum
313 1611 349 1672 ad
363 1613 559 1689 antiquitatem
570 1611 706 1673 refertur.

217 1698 283 1758 Vim
301 1697 380 1756 vires
403 1705 433 1754 et
446 1695 600 1775 virtutem]
624 1697 668 1755 vis
688 1697 808 1756 iniuriae
831 1706 889 1774 est,
912 1697 993 1757 vires
1014 1694 1158 1773 eorporis,

154 1780 353 1842 virtusauimi.

217 1865 350 1926 Ultorem
362 1872 390 1923 et
398 1863 552 1944 vindicem]
561 1864 725 1924 uleisoimur
743 1880 797 1924 uos
808 1873 932 1943 uooepte
947 1865 1060 1942 iniuria,
1067 1862 1154 1922 mudi-

156 1967 254 2010 oamus
271 1967 308 2007 ne
323 1948 510 2026 accipiemus.
1163 1962 1187 2002 oo

215 2036 333 2093 Vereor
348 2040 377 2092 et
393 2032 546 2111 retereor]
560 2049 667 2092 vereor
682 2030 718 2090 ed
733 2039 838 2092 metum
851 2031 995 2107 refertur,
1014 2048 1157 2091 revereor

154 2117 345 2176 edulfeotum.

216 2198 309 2262 Ulous
324 2199 428 2260 vulnus
439 2208 468 2260 et
483 2199 613 2278 plagam]
627 2197 709 2259 uleus
719 2215 773 2276 per
787 2215 821 2259 so
835 2199 895 2258 exit
909 2206 959 2259 eut
974 2197 1006 2258 fit
1022 2199 1157 2258 intrinse-

156 2302 207 2345 ous
220 2301 258 2344 ex
274 2302 318 2361 se,
326 2283 430 2342 vulnus
446 2302 483 2343 ex
494 2283 575 2343 ferro
592 2284 633 2358 ut,
649 2283 737 2362 plaga
757 2282 860 2362 planus
874 2285 949 2348 iotus
966 2291 1025 2353 ost;
1041 2292 1071 2341 et
1079 2281 1157 2361 quod

155 2369 237 2428 uleus
259 2368 386 2428 levitatis
407 2376 469 2445 est,
491 2367 596 2426 vulnus
611 2367 781 2444 gravitatis,
803 2367 910 2445 plegae
928 2367 1014 2427 etiam
1030 2365 1186 2426 verberam

153 2461 304 2516 vocantur.

216 2538 403 2599 Voluntatem
423 2545 452 2595 et
467 2534 672 2614 voluptatem]
678 2534 813 2636 voluutas
834 2534 919 2595 animi
943 2542 1002 2611 est,
1020 2532 1155 2611 voluptas

156 2639 209 2683 oor
232 2623 300 2683 oris

211 2642 318 2767 pVirum
334 2713 363 2764 et
377 2703 547 2782 masculum]
564 2705 606 2762 vir
620 2705 723 2783 specie
738 2703 928 2784 intellegitur,
943 2703 1089 2764 musculus
1103 2719 1154 2779 ge·

157 2807 243 2859 uere;
261 2797 290 2848 et
313 2786 432 2866 quod
404 2806 448 2846 mr
465 2786 556 2847 tribus
572 2788 664 2848 modis
682 2789 839 2868 ooorprtur,
861 2796 964 2848 neturu
975 2787 1083 2866 nuptiis
1098 2787 1152 2844 vir·
1143 2799 1182 2840 -oo

156 2882 232 2944 tuto;
247 2871 392 2932 masculus
405 2873 490 2932 etiem
500 2870 536 2932 ab
551 2871 666 2932 homine
681 2880 873 2952 segregetur„

219 2956 337 3018 Vultum
353 2964 381 3015 et
396 2955 501 3016 sociem
514 2954 572 3016 hoo
585 2957 694 3034 differt,
713 2956 791 3038 quod
806 2955 904 3018 vultus
922 2956 1006 3016 animi
1021 2953 1153 3015 iudior'um

157 3048 217 3118 est,
234 3039 327 3100 facies
349 3040 408 3100 oris
429 3040 553 3118 postti0;
575 3050 604 3101 et
620 3041 715 3101 vultus
738 3041 878 3102 interdum
901 3048 1043 3114 mutetur,
1063 3038 1153 3099 troies

155 3133 265 3196 manem
280 3123 349 3184 lieet
366 3133 395 3183 et
410 3142 466 3186 une
482 3142 531 3185 res
546 3141 600 3204 pro
617 3121 673 3186 alio
687 3143 778 3205 saepe
793 3135 984 3186 commutetur
1001 3125 1030 3184 iu
1043 3140 1152 3202 genere

155 3209 191 3270 sb
208 3209 319 3289 speeie.

534 3382 762 3394 m..
