2444 3872
482 217 512 266 c.
535 216 720 268 cussanus.
1038 205 1098 270 127

8 425 10 448 ,
99 371 212 452 Sparsit
233 379 262 430 et
284 370 401 431 missilia
416 370 557 432 variarum
572 389 684 449 rerum,
710 380 740 432 et
755 373 871 451 panaria
890 390 953 433 cnm
971 372 1098 433 obsonio
1138 361 1147 382 '

8 497 9 516 2
98 457 204 516 viritim
225 455 333 523 divisit;
356 472 411 532 qua
436 455 601 533 epulatione
629 457 716 534 equiti
742 455 778 516 R.
801 464 900 516 contra
921 475 954 516 se
979 457 1099 517 hilarius

98 537 268 617 avidiusque
294 537 425 598 vescenti
451 547 548 616 partes
578 556 645 598 suas
664 541 755 615 misit,
781 539 834 598 sed
853 548 883 598 et
909 541 1037 600 senatori
1058 538 1097 599 ob

98 622 219 684 eandem
235 639 349 682 causam
371 619 538 699 codicillos,
559 621 660 720 quibus
682 631 844 701 praetorem
863 639 927 682 eum
949 631 1030 682 extra
1050 641 1096 682 or·

74 706 192 774 rdinem
209 703 387 802 designabat
422 704 518 764 Edidit
541 713 570 764 et
593 707 740 765 circenses
763 704 903 784 plurimos
925 723 1041 767 amane
1060 705 1098 766 ad

8 803 10 844 ³1
97 806 266 870 vesperam,
298 788 449 848 interiecta
476 788 561 848 modo
592 789 793 850 Africanarum
822 791 978 850 venatione
1009 789 1096 850 modo

97 874 211 936 Troiae
219 871 401 949 decursione,
425 881 454 932 et
470 872 610 951 quosdam
624 875 809 952 praecipuos,
828 873 936 957 minio
932 882 962 933 et
978 853 1139 970 chryso·

8 1001 10 1034 3
98 957 176 1020 oolla
191 964 337 1016 constrato
356 956 447 1033 circo,
470 974 525 1015 nec
541 956 648 1016 ullis
620 959 675 1016 msi
691 974 728 1016 ex
745 959 891 1016 senatorio
883 943 1020 1017 ordine
1022 957 1095 1016 auri·

8 1083 10 1116 ι
97 1040 240 1120 gantibus
278 1037 427 1099 Commisit
448 1049 476 1099 et
498 1039 625 1116 subitos,
643 1059 709 1100 cum
726 1059 742 1100 e
758 1039 907 1102 Gelotiana
929 1049 1097 1120 apparatum

8 1121 9 1124 ’
59 1144 88 1186 ιι
98 1126 170 1186 circi
184 1123 411 1202 prospicientem
422 1125 507 1201 pauci
520 1142 557 1183 ex
569 1125 709 1203 proximis
720 1124 877 1186 Maenianis
889 1124 1096 1203 postulassent.

159 1207 273 1267 Novum
291 1215 444 1284 praeterea
466 1215 551 1286 atque
576 1207 729 1268 inauditum
749 1227 842 1286 genus
863 1208 1025 1286 spectaculi
1045 1221 1138 1275 err-19

8 1307 9 1310 ’
97 1291 246 1370 cogitarit.
289 1288 361 1349 Nam
377 1288 508 1350 Baiarum
524 1291 648 1351 medium
671 1293 850 1352 intervallum
867 1291 903 1353 ad
923 1291 1107 1352 Puteolanas-

8 1391 9 1444 }
95 1374 203 1451 moles,
223 1375 307 1432 trium
327 1372 433 1432 milium
454 1381 483 1434 et
504 1384 703 1435 sescentorum
723 1376 787 1434 iere
806 1393 939 1453 passuum
964 1377 1096 1454 spatium,

8 1447 10 1474 ¹
95 1467 186 1538 ponte
216 1457 379 1532 coniunxit,
415 1459 573 1516 contractis
597 1459 722 1536 undique
748 1460 888 1518 onerariis
920 1459 1040 1520 navibus
1067 1466 1098 1516 et

59 1541 197 1608 nardino
215 1539 321 1620 duplici
337 1540 371 1599 ad
387 1540 529 1600 anchoras
547 1541 721 1618 conlocatis,
743 1544 968 1620 superiectoque
985 1559 1097 1618 aggere

8 1671 9 1700 3
94 1636 214 1686 terreno
234 1642 269 1684 ae
285 1622 396 1683 directo
417 1625 445 1682 in
461 1623 578 1702 Appiae
599 1626 663 1684 viae
683 1625 813 1684 formam.
852 1624 909 1684 Per
929 1623 1005 1682 hunc
1025 1641 1096 1701 pcn-

8 1707 9 1712 ’
94 1720 153 1771 tem
167 1707 243 1768 ultro
266 1709 339 1766 citro
361 1710 530 1768 commeavit
544 1707 631 1768 biduo
651 1709 821 1785 continenti,
841 1709 933 1786 primo
956 1707 1002 1766 die
1025 1706 1096 1765 fale-

94 1802 159 1854 rato
190 1809 266 1870 equo
288 1791 467 1869 insignisque
493 1809 621 1869 quercea
642 1808 750 1852 corona
770 1799 799 1850 et
827 1799 925 1868 caetra
946 1799 976 1849 et
997 1788 1096 1866 gladio

8 1891 10 1914 t
95 1892 241 1953 aureaque
257 1873 396 1951 clamide,
419 1875 560 1953 postridie
576 1875 759 1954 quadrigario
780 1869 886 1934 babitu
887 1869 1097 1950 curriculoque

58 1960 185 2036 utbiiugi
210 1958 387 2018 famosorum
403 1975 556 2036 equorum,
578 1977 649 2038 prae
672 1977 704 2018 se
724 1957 823 2018 ferens
838 1957 963 2018 Dareum
978 1973 1098 2036 puerum
1136 2005 1139 2012 .

8 2103 10 2118 ζ
94 2063 133 2104 ex
153 2041 323 2102 Parthorum
341 2041 506 2117 obsidibus,
535 2043 688 2102 comitante
715 2045 962 2120 praetorianorum
983 2042 1097 2117 agmine

8 2153 10 2204 4
94 2127 164 2186 etin
182 2124 294 2184 essedis
307 2125 428 2184 cohorte
443 2127 607 2186 amicorum.
645 2125 713 2185 Scio
729 2123 887 2204 plerosque
903 2126 1097 2220 existimasse,

8 2231 10 2284 j
53 2249 55 2252 >
93 2197 181 2271 talem
199 2226 215 2268 a
234 2206 305 2269 Gaio
327 2217 445 2288 pontem
467 2211 663 2286 excogitatum
684 2207 875 2269 aemulatione
892 2207 1017 2285 Xerxis,
1049 2207 1098 2285 qui

8 2297 10 2374 J
93 2310 153 2354 non
178 2293 240 2350 sine
269 2291 457 2351 admiratione
485 2292 629 2370 aliquanto
657 2292 853 2370 angustiorem
877 2291 1097 2371 Hellespontum

8 2377 9 2432 ἱ
58 2375 341 2443 ιιοοιιιιίιιιίιιιοιίις
370 2375 460 2451 alios,
479 2384 509 2436 ut
531 2375 708 2437 Germaniam
732 2385 762 2434 et
783 2374 971 2450 Britanniam,
993 2374 1096 2452 quibus

93 2456 275 2535 imminebat,
309 2457 429 2536 alieuius
457 2459 577 2518 inmensi
604 2461 703 2539 operis
731 2459 806 2518 lama
831 2460 986 2518 territaret.
1038 2456 1098 2517 Sed

8 2537 11 2572 ³
94 2560 179 2604 avum
198 2559 291 2602 meum
316 2550 478 2601 narrantem
497 2560 572 2620 puer
594 2542 759 2617 audiebam,
794 2559 908 2602 causam
936 2541 1036 2618 operis
1060 2539 1096 2598 ab

8 2627 12 2698 ξ
93 2624 282 2686 interioribus
309 2624 409 2685 aulicis
431 2625 573 2703 proditam
589 2625 666 2704 quod
692 2623 851 2708 Thrasplns
881 2605 1130 2684 mathematicus!

8 2743 11 2748 ·
95 2710 181 2770 anxio
199 2709 235 2767 de
257 2724 431 2768 successore
454 2708 572 2769 Tiberio
589 2719 619 2769 et
641 2711 669 2768 in
688 2725 789 2769 verum
810 2717 946 2786 nepotem
967 2709 1097 2786 proniori

58 2803 85 2847 ao
95 2793 284 2868 affirmasset,
323 2809 385 2852 non
408 2791 509 2871 mageb
539 2793 649 2854 Gaiam
679 2791 902 2870 imperatarum
925 2808 1017 2871 qoam
1038 2809 1099 2870 per

93 2875 251 2938 Baianum
261 2875 362 2936 sinum
375 2875 461 2955 equis
473 2876 695 2936 discurrerem.

157 2957 257 3020 Edidit
270 2967 300 3018 et
312 2977 438 3037 peregre
455 2960 638 3040 spectacula,
659 2961 688 3018 in
705 2958 803 3031 Sicilia
818 2958 970 3033 Syracusis
986 2957 1095 3018 asticos
1105 2969 1140 3022 20

93 3043 194 3120 ludos,
225 3049 254 3101 et
274 3043 303 3100 in
331 3040 423 3104 Gallis
447 3043 596 3121 Luguduni
616 3042 779 3113 miscellos;
808 3041 928 3102 sedhic
950 3050 1096 3102 certamen

94 3143 211 3207 quomo
227 3123 358 3186 Graecae
372 3124 547 3206 Latinaeque
562 3126 730 3204 facundiae,
754 3143 811 3204 que
832 3128 987 3186 certamine
1001 3126 1098 3185 ierunt

59 3209 257 3278 ttvietoribus
287 3211 414 3290 praemia
436 3211 530 3272 victos
558 3211 731 3289 contulisse,
759 3209 915 3270 eorundem
939 3217 968 3268 et
995 3207 1097 3268 laudes

8 3293 34 3312 ''
95 3310 276 3394 componere
293 3303 430 3365 coactos;
454 3311 507 3355 eos
531 3303 642 3372 autern,
666 3295 848 3373 quimaxime
870 3293 1097 3371 displicuissent,

94 3377 206 3456 scripta
236 3394 287 3437 sua
320 3394 452 3457 spongea
481 3378 627 3477 linguave
641 3377 775 3438 delere
767 3393 878 3452 russos,
913 3377 967 3435 nisi
995 3374 1099 3436 ferulis

8 3469 10 3526 ζ
94 3461 245 3539 obiurgari
260 3469 308 3521 aut
322 3459 436 3522 flumine
451 3463 584 3541 proximo
598 3480 691 3540 mergi
683 3461 881 3520 maluissent.

8 3537 33 3580 p.

174 3619 440 3717 p„„„p,]1.t·,''t,
