2444 3872
500 203 604 252 Dlvtts
629 201 812 251 CLAUDIUS.
1096 198 1153 259 151

151 377 188 420 ac
204 357 335 418 damnum
356 356 531 418 liberalitate
552 375 604 418 sua
626 365 803 420 resarturum
824 359 993 440 pollicente.
1038 362 1094 437 Qui
1115 372 1156 424 ta-

151 461 217 504 men
235 443 362 501 moriens
377 440 449 501 etin
464 442 557 502 tertiis
572 441 729 502 heredibus
746 461 810 504 eum
825 461 864 506 ex
882 452 964 523 parte
984 447 1069 506 tertia
1084 465 1155 506 nun·

153 535 303 606 eupatcm,
326 525 425 602 legato
441 526 527 586 etiam
545 527 624 586 circa
639 528 764 586 sestertii
779 528 871 588 vicies
889 537 1063 606 prosecutus
1080 547 1155 590 eom·

150 609 297 671 mendavit
317 610 436 688 insuper
459 608 636 670 exercitibus
658 626 694 670 ac
714 612 825 674 senatui
846 611 1015 692 populoque
1029 613 1065 674 u.
1081 614 1157 674 inter

129 703 268 760 eceterae
283 692 514 755 necessitudines
528 695 702 755 nominatim.

215 777 274 838 Sub
296 775 367 838 Gaio
380 775 492 837 demum
513 777 611 838 iratris
633 777 709 854 ulio,
742 778 898 840 secundam
917 780 1189 843 existimationem?

153 866 230 924 circa
253 862 332 921 initia
355 862 468 940 imperii
490 860 623 922 omnibus
647 861 801 923 lenociniis
822 861 998 942 colligente,
1029 863 1157 926 bonores

151 948 319 1025 auspr'catus
336 945 514 1007 consulatum
527 947 620 1022 gessit
639 962 694 1007 nna
715 965 770 1026 per
790 946 864 1007 dnos
882 965 1015 1024 meuses,
1046 951 1156 1008 evenit·

152 1049 208 1110 que
222 1037 253 1089 ut
268 1029 397 1108 primitus
414 1029 587 1107 ingredienti
603 1047 667 1090 cum
681 1030 810 1091 fascibus
825 1031 919 1092 iorum
935 1032 1156 1111 praetervolans

116 1113 248 1194 reaquila
266 1113 434 1172 dexteriore
454 1130 553 1175 umero
576 1113 752 1176 consideret.
796 1115 921 1176 Sortitus
942 1125 987 1176 est
1008 1125 1037 1175 et
1059 1115 1095 1176 de
1115 1116 1155 1176 al-

124 1198 216 1260 'tero
248 1195 399 1258 consulatu
427 1197 456 1257 in
484 1206 614 1277 quartum
636 1215 753 1268 annum:
783 1199 988 1277 praeseditque
1018 1217 1155 1260 nonnum·

151 1299 236 1362 qnam
253 1279 432 1360 spectaculis
446 1283 474 1340 in
488 1279 540 1342 Gai
555 1283 666 1357 ricem,
691 1282 869 1344 adclamante
889 1282 1016 1362 populo:
1043 1281 1156 1343 Felici·

151 1375 198 1428 ter
225 1367 328 1446 partim
350 1370 467 1443 patruo
494 1365 694 1442 imperatoris
716 1367 819 1445 partim
840 1365 1018 1427 Germanici
1040 1365 1157 1444 fratri!

150 1451 214 1512 Nec
232 1465 270 1508 eo
285 1449 377 1508 miuus
393 1449 573 1509 contumeliis
593 1449 737 1510 obnoxius
752 1451 832 1511 vixit.
875 1450 950 1510 Nam
969 1458 999 1510 et
1020 1454 1044 1510 si
1069 1450 1154 1528 paulo
1171 1451 1191 1505 8

1 1577 3 1616 4
116 1535 245 1600 asserius
272 1531 308 1594 ad
333 1532 511 1611 praedictam
539 1551 647 1611 egenae
682 1532 783 1593 horam
814 1537 1006 1609 occurrisset,
1040 1531 1196 1593 nonnisie

1 1664 2 1684 2
151 1636 242 1695 aegre
258 1625 288 1676 et
311 1617 431 1676 circuito
448 1616 560 1677 demum
582 1617 708 1677 triclinio
730 1615 942 1696 recipiebatur:
972 1626 1000 1676 et
1023 1619 1156 1696 quotiens

1 1699 2 1702 ’
82 1765 84 1770 ,
150 1709 219 1782 post
235 1700 328 1760 cibum
344 1699 585 1778 addormiaceret,
616 1700 735 1778 quodei
750 1702 814 1761 lere
835 1700 1003 1776 accidebat,
1028 1701 1158 1760 olearum
1210 1741 1218 1754 .

151 1795 200 1846 aut
225 1783 413 1863 palmularum
440 1784 555 1846 ossibus
582 1784 798 1863 incessebatur,
821 1785 961 1845 interdum
986 1784 1080 1844 ferula
1108 1785 1156 1846 lla·

151 1885 246 1946 grove
268 1870 348 1929 velut
367 1885 424 1946 per
443 1868 541 1945 ludum
562 1868 743 1930 excitabatur
759 1887 775 1928 a
793 1870 920 1947 copreis.
965 1867 1106 1929 Solebant
1128 1877 1158 1927 et

1 1941 2 1944 ¹
97 1952 281 2015 ‘romanibus
307 1953 455 2013 stertentis
482 1953 563 2013 socci
590 1952 702 2030 induci,
734 1962 764 2013 ut
782 1962 905 2031 repente
929 1953 1157 2032 expergefactus

149 2037 256 2098 iaciem
271 2035 386 2096 sibimet
402 2037 585 2096 confricaret.

214 2120 273 2188 Sed
300 2138 337 2180 nc
363 2119 573 2181 discriminibus
600 2120 713 2198 quidem
741 2122 840 2180 caruit.
885 2120 1009 2180 Primum
1036 2119 1064 2178 in
1090 2121 1190 2198 ips09

150 2204 317 2281 consulatu,
340 2204 417 2285 quod
432 2203 557 2264 Neronis
572 2212 601 2263 et
614 2203 717 2282 Drusi,
739 2204 857 2264 iratrum
874 2202 1025 2279 Caesaris,
1049 2211 1157 2262 statuas

150 2291 269 2366 segnius
284 2287 423 2364 locandas
440 2287 648 2368 ponendasque
665 2297 810 2366 curasset,
841 2305 934 2366 paene
955 2287 1067 2348 bonore
1083 2305 1156 2346 sum·

113 2381 246 2438 ternotus
268 2380 327 2442 cst;
359 2373 464 2433 deinde
486 2381 625 2434 extraneo
647 2372 695 2432 vel
712 2375 797 2434 etiam
817 2371 1041 2434 domesticorum
1058 2369 1157 2448 aliquo

150 2456 302 2516 deferente
322 2457 440 2518 assidue
461 2458 598 2536 varieque
623 2458 803 2535 inquietatus.
848 2454 919 2516 Cum
941 2472 1014 2514 vero
1041 2453 1158 2513 detecta

151 2549 232 2600 esset
250 2540 351 2620 Lepidi
376 2551 404 2608 et
430 2541 571 2602 Gaetulici
598 2542 774 2615 coniuratio,
801 2541 906 2599 missus
926 2539 955 2597 in
978 2537 1158 2598 Germaniam

150 2627 226 2686 inter
252 2624 368 2702 legatos
389 2624 425 2686 ad
449 2623 663 2702 gratulandum,
694 2625 778 2683 etiam
798 2623 875 2683 vitae
899 2621 1060 2701 periculum
1081 2618 1158 2696 adiit,

141 2707 319 2785 indignante
338 2726 373 2767 ac
388 2709 529 2769 fremente
546 2706 617 2768 Gaio
631 2709 770 2786 *patruum
790 2706 968 2785 potissimum
990 2704 1025 2765 ad
1042 2721 1076 2765 se
1091 2705 1158 2764 mis·

59 2817 64 2829 ·
114 2812 141 2856 to
151 2810 213 2852 sum
231 2792 314 2869 quasi
329 2791 366 2852 ad
380 2809 500 2872 puerum
513 2790 689 2868 regendum,
709 2790 783 2850 adeo
799 2799 902 2853 utnon
923 2788 1083 2865 defuerint,
1109 2788 1159 2866 qui

149 2875 299 2936 traderent
314 2877 535 2956 praecipitatum
551 2893 668 2954 quoque
687 2876 715 2934 in
733 2875 852 2952 flumen,
875 2876 950 2934 sient
965 2874 1089 2934 vestitus
1110 2870 1158 2930 ad-

150 2967 282 3020 venerat.
326 2959 422 3041 Atque
447 2978 486 3020 ex
511 2976 547 3020 eo
572 2977 723 3038 numquam
738 2977 796 3018 non
812 2960 841 3018 in
862 2967 964 3020 senatu
984 2957 1159 3017 novissimus

150 3044 346 3106 consularium
366 3044 536 3124 sententiam
557 3043 644 3118 dixit,
667 3045 841 3120 ignominiae
864 3060 951 3104 causa
974 3050 1042 3121 post
1066 3039 1159 3100 omnis

149 3131 358 3207 interrogatus.
402 3129 495 3189 Etiam
511 3128 641 3204 cognitio
654 3127 721 3187 lalsi
735 3129 897 3188 testamenti
912 3134 1035 3204 recepta
1052 3132 1108 3198 est,
1129 3122 1159 3180 in

1 3223 2 3269 i
113 3229 210 3292 atquo
229 3222 259 3273 et
277 3215 351 3292 ¹ipse
370 3214 546 3290 signaverat.
590 3210 743 3272 Postremo
764 3211 929 3272 sestertium
951 3208 1086 3284 octogies
1103 3221 1157 3283 pro

150 3299 268 3357 introitu
283 3299 350 3358 novi
371 3294 527 3357 sacerdotii
550 3305 670 3356 coactus
690 3295 874 3374 impendere,
895 3293 930 3354 ad
948 3310 999 3352 eas
1020 3291 1063 3349 rei
1079 3289 1159 3350 iami-

151 3381 231 3440 liaris
259 3381 407 3459 angustias
440 3378 562 3456 decidit,
597 3389 627 3439 nt
654 3397 717 3439 cum
746 3377 903 3457 obligatam
926 3374 1039 3436 aerario
1073 3372 1159 3432 iidem

151 3463 280 3525 liberare
306 3482 365 3524 non
391 3472 507 3543 posset,
531 3465 559 3522 in
586 3481 706 3523 vacuum
733 3462 802 3540 lege
828 3457 1022 3558 praediatoria
1047 3457 1164 3518 venalis
