2438 3872
521 145 692 193 oanan.
1046 131 1109 196 209

105 318 162 362 eos
174 301 289 361 nonnisi
301 299 463 380 praeduros
475 301 685 378 exoletosqne;
703 298 838 361 ferebant
855 301 883 359 in
893 299 1034 378 Hispania
1044 299 1107 362 loe·

105 384 165 445 lum
177 403 194 444 e
205 385 355 444 veteribus
368 384 537 445 concubinis
548 429 557 460 ,
569 382 740 444 deNeronis
751 385 830 444 exitu
844 387 1034 461 nuntiantem,
1048 401 1107 445 non

103 468 193 528 modo
213 468 363 528 artissimis
381 468 490 528 osculis
511 466 607 548 palam
624 477 778 546 exceptum
796 467 831 529 ab
851 485 904 546 eo,
925 467 977 526 sed
994 478 1024 528 nt
1042 473 1106 528 sine

104 569 188 614 mora
198 551 360 613 velleretur
371 561 492 630 oratum,
510 562 595 631 atque
608 551 766 612 seductum.

79 655 96 695 s
174 635 263 696 Periit
276 638 363 697 tertio
377 645 405 696 et
417 639 635 715 septuagesimo
646 638 749 696 aetatis
766 655 857 713 anno,
876 637 989 716 imperil
1004 649 1151 704 menseas

105 722 242 799 septimo.
281 721 414 798 Senatus,
427 730 457 780 ut
476 721 597 800 primum
613 720 720 780 licitam
739 730 800 798 est,
819 730 940 781 statuam
959 722 987 780 ei
1004 721 1106 782 decre·

103 814 190 866 verat
199 814 344 866 rostratae
356 804 508 866 columnae
521 813 734 884 superstantem
746 806 774 865 in
789 814 873 884 parte
884 805 956 881 fori,
977 823 1032 884 qna
1047 814 1105 865 tru-

105 887 217 949 cidatus
228 895 286 957 es't;
299 887 351 948 sed
364 888 513 949 decretum
524 891 725 969 Vespasianus
746 888 890 966 abolevit,
912 906 1106 967 percussores

3 1047 4 1052 ἵ
105 973 162 1046 sihi
174 992 213 1032 ex
223 971 362 1053 Hispania
375 976 404 1033 in
415 971 551 1035 ludaeam
563 973 731 1033 submisisse
745 974 890 1052 opinatus.
920 990 922 994 ·

483 1183 722 1197 Ἥ

541 1320 660 1376 aaut.

73 1498 105 1540 1o
170 1479 297 1540 Maiores
310 1477 431 1539 Othonis
444 1480 500 1537 orti
512 1488 577 1538 sunt
594 1476 704 1555 oppida
717 1476 871 1554 Ferentio,
883 1479 991 1540 familia
1003 1489 1104 1540 vetere
1115 1494 1131 1547 1

105 1572 136 1623 et
152 1563 294 1624 honorata
310 1571 396 1641 atque
413 1581 451 1622 ex
468 1560 648 1641 principibus
664 1560 807 1622 Etruriae.
834 1561 916 1622 Avus
933 1562 972 1622 Μ.
989 1563 1104 1624 Salvius

105 1646 193 1724 Otho,
211 1656 293 1725 patre
308 1649 406 1726 equite
422 1646 459 1706 R.
474 1655 565 1706 matre
577 1644 674 1704 humili
688 1647 829 1704 incertum
846 1664 882 1706 an
894 1648 1035 1724 ingenua,
1051 1665 1103 1726 per

104 1733 229 1810 gratiam
236 1730 335 1790 Liviae
346 1730 517 1808 Augustae,
530 1732 560 1789 in
573 1731 653 1789 cuius
669 1728 755 1790 donno
768 1738 913 1806 creverat,
926 1740 1046 1790 senator
1057 1741 1103 1791 est

1 1885 2 1888 Ἴ
104 1815 211 1892 lactus,
225 1833 282 1874 nec
292 1823 445 1894 praeturae
457 1813 577 1892 gradum
588 1814 727 1873 excessit.

64 1921 96 1964 as
169 1897 255 1959 Pater
265 1898 296 1958 L.
309 1899 395 1977 Othp,
409 1907 539 1958 materno
557 1915 669 1977 genere
687 1896 839 1978 praeclaro
854 1897 1061 1979 multarumque
1074 1910 1104 1961 et

104 2001 272 2060 magnarum
286 1982 559 2063 propinquitatinm,
571 1991 629 2043 tana
649 1999 733 2043 carus
751 1991 865 2061 tamque
887 2000 945 2043 non
962 1984 1102 2045 absimilis

104 2067 183 2128 facie
195 2066 315 2128 'liberio
328 2069 453 2146 principi
464 2066 528 2143 luit,
540 2075 571 2125 ut
582 2066 717 2144 plerique
731 2074 915 2144 procreatum
927 2085 965 2126 ex
982 2085 1020 2128 eo
1040 2087 1102 2129 cre·

102 2151 218 2212 derent.
248 2151 384 2213 Urbanos
402 2149 546 2226 honores,
565 2150 801 2228 proconsulatum
819 2149 941 2211 Africae
959 2161 988 2212 et
1007 2162 1101 2213 extra-

107 2235 253 2298 ordinaria
268 2237 388 2313 imperia
401 2235 586 2294 severissime
601 2232 816 2293 administravit.
850 2233 947 2296 husus
959 2239 1045 2296 etiam
1057 2245 1102 2297 est

63 2342 95 2383 ιο
105 2323 135 2380 in
149 2319 269 2394 illyrico
280 2319 386 2379 milites
400 2316 551 2398 quosdam,
564 2316 642 2397 quod
653 2327 733 2378 motu
745 2316 858 2379 Camilli
876 2338 913 2379 ex
925 2322 1102 2399 paenitentia

105 2400 1102 2483 praepositossuosqunsidefectionisadversusGlaudiumauctores

104 2486 282 2564 occiderant,
297 2489 392 2565 capite
405 2489 517 2566 punire,
534 2484 688 2566 etquidem
703 2493 769 2546 ante
781 2487 925 2566 principia
943 2505 976 2546 se
993 2505 1101 2564 coram,
1121 2521 1123 2526 ,

103 2570 235 2651 quamvis
248 2570 286 2632 ob
298 2570 327 2632 id
339 2573 433 2651 ipsum
445 2579 597 2648 promotos
608 2573 637 2629 in
659 2570 830 2648 ampliorem
849 2570 970 2648 gradum
988 2590 1004 2632 a
1018 2570 1101 2633 Clau·
1151 2631 1153 2638 ,

103 2657 154 2716 dio
167 2657 267 2718 sciret.
292 2655 357 2731 Quo
368 2655 449 2715 iacto
462 2656 537 2714 sicut
552 2652 676 2732 gloriam
688 2656 784 2730 auxit,
803 2655 843 2714 ita
854 2657 976 2732 gratiam
987 2658 1101 2725 minuit:

61 2763 93 2803 as
105 2757 190 2820 quam
202 2748 296 2799 tannen
307 2747 416 2799 mature
423 2740 602 2818 reciperavit
613 2737 728 2799 detecta
736 2739 840 2816 equitis
849 2739 884 2799 ll.
895 2740 1007 2819 fraude,
1016 2759 1102 2819 quern

104 2821 295 2903 prodentibus
308 2824 402 2882 servis
420 2840 523 2882 necem
535 2820 657 2882 Claudio
677 2839 780 2900 parare
799 2834 991 2902 compererat.
1015 2823 1100 2887 Nam·

103 2925 161 2986 que
174 2916 204 2966 et
213 2916 332 2967 senatus
346 2905 460 2967 honore
471 2908 631 2982 rarissimo,
647 2907 740 2966 statua
751 2908 779 2964 in
790 2903 903 2967 Palatio
915 2911 1020 2986 posita,
1033 2927 1100 2988 pro·

50 3049 61 3060 ,
103 3001 222 3052 secutus
235 3001 280 3051 est
299 3009 362 3051 euna
374 2988 551 3050 etGlandins
570 2989 805 3052 adlectuminter
825 2995 964 3070 patricios
983 2993 1100 3054 conlau-

104 3075 176 3136 dans
188 3074 372 3155 amplissimis
383 3073 493 3151 verbis,
507 3073 563 3133 hoc
577 3091 692 3153 quoque
705 3072 826 3134 adiecit:
843 3072 907 3153 Vir,
924 3095 982 3156 qao
994 3077 1098 3137 melio·

58 3158 280 3222 soreslideros
291 3157 536 3237 hohereoeopto
548 3157 679 3238 quiderm
698 3155 745 3218 Ex
756 3156 844 3219 Albia
855 3157 990 3220 Terentia
1002 3159 1100 3239 splen-

104 3243 170 3304 dida
180 3243 285 3303 femina
298 3242 370 3303 dnos
382 3243 458 3303 tilios
470 3241 581 3320 tulit,h.
594 3242 734 3302 Titianum
746 3250 776 3301 et
786 3244 927 3303 minorem
938 3242 976 3304 hl.
989 3259 1100 3320 cagno-

103 3331 209 3388 minem
219 3327 289 3396 sibi;
306 3327 370 3388 tulit
385 3335 414 3386 et
429 3327 525 3404 liliam,
546 3344 630 3405 quarn
647 3325 763 3387 vixdum
781 3325 907 3386 nubilem
922 3325 1017 3387 Druso
1030 3326 1102 3388 Ger·

102 3413 208 3473 manici
220 3412 282 3472 lilio
295 3410 458 3490 despondit.
603 3417 606 3424 '

147 3515 301 3556 sosronrus.
909 3497 947 3556 14
