2412 3876
391 163 496 213 DIVUS
518 121 708 214 abcessus.
1011 149 1052 210 47

11 267 19 412 ι
47 329 224 402 potestatem
246 340 363 401 semper
386 319 517 382 omnibus
538 320 627 397 iecit,
649 322 782 400 quotiens
806 320 916 381 vellent
932 319 1051 381 obsides

12 419 13 422 ’
44 407 218 486 recipiendi.
251 405 354 486 Neque
376 415 425 465 aut
441 403 573 465 crebrius
596 413 644 464 aut
671 404 856 484 perfidiosius
880 403 1050 466 rebellantis

45 492 184 568 graviore
199 508 331 570 umquam
347 489 423 550 ultus
439 499 485 549 est
497 506 609 568 poena,
626 507 709 568 quam
723 499 754 550 ut
766 490 899 569 captivos
912 488 967 550 sub
982 489 1051 566 lege

46 574 244 652 venundaret,
261 592 299 634 ne
314 575 342 634 iu
360 574 454 634 vicina
468 574 591 651 regione
607 576 752 634 servirent
766 592 842 634 neve
855 577 928 634 iutra
944 575 1050 632 tricen-

25 662 150 720 asimum
178 675 280 719 annum
310 657 513 718 liberarentur.
558 658 621 734 Qua
646 659 758 718 virtutis
786 658 1050 736 moderationisque
1162 709 1166 717 .

11 775 13 798 t
45 745 123 804 lama
137 742 225 804 Indos
242 745 327 803 etiarn
342 760 377 803 ac
393 741 534 819 Scythas,
545 731 748 824 farudptqmodo
765 744 908 826 cogqitps,
928 740 1051 820 pellexit
1099 783 1102 788 .

11 821 12 894 l
47 828 82 888 ad
99 829 253 888 amicitiam
276 845 355 887 suam
377 819 545 906 populique
557 826 640 886 Rom.
657 812 802 907 nlbb‘per
817 821 1058 904 legatos'piet'd'ri?

11 957 12 960 ,
48 912 122 972 dam.
161 911 258 972 Parthi
280 929 396 990 qnoque
419 919 449 971 et
469 909 634 970 Armeniam
658 911 813 974 vindicanti
839 910 927 970 lacile
951 927 1049 969 cesse·
1176 981 1180 990 Δ

48 1005 113 1056 runt
128 1004 158 1055 et
173 997 257 1072 signa
269 995 419 1070 militaria,
437 1012 510 1073 quac
526 993 681 1076 beasso
696 1004 726 1055 et
738 995 777 1056 ll.
793 994 921 1054 Antonio
936 992 1073 1066 adema-5
1092 1015 1138 1076 ξς,
1153 1012 1162 1060 2

11 1095 40 1154 uo
50 1088 130 1157 rant,
149 1081 319 1158 reposcenti
339 1077 525 1139 reddiderunt
546 1077 721 1158 obsidesque
740 1071 858 1158 insup'e‘r¹
873 1078 1050 1158 optulerunt,

49 1165 190 1244 denique,
207 1162 337 1242 pluribus
355 1161 497 1242 qnondam
512 1162 549 1222 de
563 1180 658 1240 ragno
668 1163 921 1241 concertantibus,
936 1162 1051 1222 nonnisi

48 1249 85 1310 ab
102 1251 168 1327 ipso
185 1247 310 1308 electum
326 1246 531 1325 probaverunt.

112 1331 211 1392 lanum
226 1332 388 1408 Quirinum,
405 1330 495 1391 semel
512 1340 596 1410 atque
613 1333 714 1391 iterum
729 1350 746 1392 a
763 1333 878 1394 condita
893 1330 964 1392 urbe
984 1339 1091 1398 anteco

47 1418 216 1476 memoriam
233 1433 312 1476 suam
329 1415 473 1490 clausum,
494 1416 523 1474 in
537 1414 626 1475 multo
647 1414 783 1475 breviora
800 1417 939 1495 temporis
956 1415 1049 1493 spatio

11 1519 38 1582 ps
48 1510 127 1561 terra
143 1501 273 1578 marique
288 1517 362 1579 pace
378 1508 462 1584 parta
465 1508 523 1585 -ter
538 1499 632 1558 clusit.
664 1499 712 1558 Bis
727 1516 819 1559 ovans
835 1500 984 1576 ingressus
1006 1504 1051 1556 est
1093 1501 1148 1586 ῃ

47 1583 169 1662 urbem,
182 1591 251 1662 post
267 1583 455 1662 Philippense
471 1591 501 1642 et
515 1601 613 1643 rursus
630 1592 698 1663 post
714 1582 840 1644 Siculum
854 1583 972 1643 bellum.
996 1580 1050 1641 Gu-

11 1661 13 1688 ³
47 1669 120 1729 rulis
137 1667 297 1746 triumphos
313 1670 365 1726 tris
382 1669 459 1744 egit,
477 1666 676 1745 Delmaticum,
693 1667 860 1745 Actiacum,
878 1665 1050 1727 Alexandri-

48 1771 133 1829 num,
156 1754 292 1832 continuo
314 1751 407 1811 triduo
428 1769 539 1811 omnes.
571 1750 682 1812 Graves
705 1753 877 1828 ignominias
893 1749 1050 1828 cladesque
1059 1765 1095 1820 23

50 1837 119 1897 duas
137 1837 252 1896 omuino
267 1854 323 1896 uec
341 1834 408 1896 alibi
424 1853 508 1914 quam
525 1836 554 1894 iu
569 1834 721 1896 Germania
742 1838 872 1915 accepit,
894 1833 1050 1894 liollianam
1121 1837 1123 1841 '

17 1930 80 1982 roet
108 1922 283 1996 Varianam,
311 1919 362 1980 sed
385 1919 544 1980 Lollianam
567 1920 681 1981 maioris
705 1920 839 1982 infamiae
861 1937 945 2000 quarn
961 1916 1050 1977 detri-
1132 1921 1134 1926 ’

11 2047 12 2070 ;
50 2006 154 2080 menti,
176 2005 329 2086 Varianam
351 2021 445 2083 paene
467 2003 659 2081 exitiabilem,
683 2004 774 2065 tribus
799 2001 964 2082 legionibus
987 2017 1051 2060 oum
1087 2027 1097 2080 ς

50 2089 124 2150 duce
141 2088 304 2167 legatisque
322 2096 352 2147 et
368 2087 481 2148 auxiliis
497 2086 627 2148 omnibus
645 2091 749 2149 caesis.
779 2088 840 2148 Hac
856 2087 982 2148 nuntiata
1001 2104 1049 2144 ex-

51 2171 151 2233 cubias
166 2189 220 2251 per
236 2172 336 2233 urbem
351 2171 462 2248 indixit,
479 2190 516 2232 ue
535 2173 597 2251 quis
615 2171 748 2233 tumultus
761 2175 910 2249 existeret,
926 2180 955 2232 et
966 2188 1050 2250 prae·

51 2256 161 2318 sidibus
186 2258 400 2334 provinciarum
422 2257 598 2335 propagavit
615 2257 781 2337 imperinm,
804 2265 835 2316 nt
861 2275 877 2316 a
900 2257 999 2336 peritis
1022 2261 1052 2312 et

11 2341 176 2410 numanatis
204 2341 276 2400 socii
304 2343 528 2401 continerentur.
565 2342 654 2402 Vovit
677 2350 707 2402 et
732 2359 854 2418 magnos
884 2339 967 2399 ludos
988 2337 1051 2397 lovi

11 2423 14 2452 ⁵
49 2425 166 2506 Optimo
173 2423 307 2502 blaximo,
327 2426 351 2484 si
366 2443 414 2485 res
429 2443 459 2504 p.
475 2427 505 2490 in
519 2425 669 2486 meliorem
685 2434 787 2485 statum
802 2425 955 2484 vertisset:
975 2420 1051 2500 quod

48 2512 158 2570 facturn
174 2507 320 2569 Cimbrico
337 2507 521 2588 Marsicoque
538 2509 617 2569 bello
633 2519 704 2570 erat.
742 2508 827 2569 Adeo
843 2507 967 2587 denique
983 2507 1050 2566 obn·
1152 2551 1162 2566 ,

50 2601 208 2655 sternatum
229 2589 394 2672 lerunt„'q''t‘
411 2611 465 2670 per
486 2594 637 2654 continuos
649 2589 1051 2672 mensesbarbas'capilloque

52 2677 202 2756 summisso
214 2687 308 2758 meaput
323 2671 463 2737 interdum
474 2677 585 2738 loribus
600 2677 740 2755 illideret,
759 2677 939 2738 vociferans:
957 2671 1049 2748 Quin-

19 2763 98 2824 tott'b'
119 2759 217 2838 Vuae,
234 2753 380 2840 ¹legiones
402 2756 517 2821 reddo!
541 2761 673 2842 diemque
690 2761 780 2824 cladis
796 2770 865 2842 quot
880 2762 960 2821 anuis
975 2775 1050 2817 mae·

51 2855 124 2908 stum
155 2844 289 2906 habuerit
310 2864 344 2906 ac
366 2844 528 2922 lugubrem.
564 2845 597 2905 ln
619 2865 652 2906 re
674 2847 789 2907 militari
812 2855 842 2906 et
869 2842 1093 2906 commutavitbl

50 2930 138 2991 multa
161 2939 191 2990 et
211 2930 348 3006 institnit,
370 2938 456 3007 atqua
478 2933 564 2991 etiam
579 2930 615 2991 ad
630 2934 772 3011 antiquum
789 2948 899 2992 morem
914 2927 1051 2990 nonnulla

48 3015 212 3076 revocarit.

11 3093 14 3148 ἱ
112 3090 302 3184 Disciplinam
323 3101 508 3161 severissima
522 3099 614 3161 rexit:
634 3118 671 3160 ne
686 3097 848 3178 legatorum
865 3097 979 3178 quidem
993 3097 1050 3154 cui-

11 3175 230 3270 ‘ttquaacqtnisi
253 3193 375 3261 gravate
398 3183 584 3263 hibernisque
606 3185 717 3246 demum
737 3182 899 3258 mensibus,
922 3181 1052 3260 permisit

49 3266 377 3334 uxoien'tuaervtsere.
414 3267 549 3347 Equitem
572 3269 624 3345 R.,
646 3269 724 3348 qnod
744 3267 855 3330 duobus
875 3263 940 3326 liliis
955 3262 1050 3324 adule-

17 3417 20 3421 ,
50 3331 200 3412 soenb'bus
225 3369 312 3414 causa
330 3352 509 3414 detrectandi
531 3356 701 3415 sacramenti
723 3352 847 3430 pollices
866 3354 1050 3426 amputasset,

11 3445 12 3452 ’
51 3436 147 3515 ipsum
161 3433 297 3516 bonaque
319 3435 442 3498 subiecit
456 3437 572 3507 bastae;
595 3455 678 3517 quern
697 3447 806 3513 tamen,
822 3431 898 3513 quod
914 3432 1052 3491 inminere

798 3714 801 3729 Ι

691 3745 693 3755 Ι
797 3739 839 3762 ¹i

754 3781 757 3784 .
809 3757 883 3788 „abu

544 3795 546 3806 ¹
649 3794 712 3806 aur
