2416 3876
88 197 149 258 292
350 201 381 250 c.
406 195 570 249 sunuouu
596 190 811 250 uanuoumm

686 265 728 348 s

25 383 36 440 J
87 362 203 422 multum
218 377 250 418 se
270 357 381 416 miranti
398 355 473 432 legit
486 369 517 412 a.
526 356 594 410 596.
603 337 700 408 597..L
712 344 830 407 Publius
838 343 992 403 Terentius
1010 340 1096 418 Afer,

88 444 263 521 Carthagine
285 449 383 516 natus,
407 437 509 498 serviit
529 433 642 494 Romae
665 430 803 490 Terentio
818 427 934 487 Lucano
954 427 1095 501 senatori,
1205 483 1206 492 ,

87 545 176 610 aquo
193 527 230 586 ob
246 525 390 602 ingenium
408 531 436 581 et
453 521 576 580 formam
596 533 653 576 non
674 517 819 574 institutus
834 510 920 571 modo
933 510 1097 571 liberaliter
1145 556 1149 568 .

88 613 140 674 sed
155 620 185 672 et
198 618 307 670 mature
322 606 511 668 manumissus
526 611 581 662 est.
628 598 747 673 Quidam
764 605 879 676 captum
901 613 969 656 esse
992 595 1095 682 enuisti·
1205 633 1206 654 2

87 704 181 772 mant,
197 692 274 772 quod
290 692 352 752 lieri
373 686 554 750 nullomodo
571 683 704 762 potuisse
718 680 888 742 Fenestella
905 680 1009 754 docet,
1033 695 1121 738 cums

88 783 163 840 inter
180 778 264 838 linem
282 773 400 835 secundi
414 773 513 834 Punici
529 767 602 828 belli
624 777 653 827 et
675 768 783 826 initium
807 766 885 824 tertii
908 773 990 824 natus
1013 764 1051 822 sit
1068 771 1098 821 et
1205 839 1206 844 ἵ

89 873 231 929 mortuus:
250 877 306 919 nec
329 860 353 918 si
369 877 384 918 a
402 855 531 916 Numidis
547 862 576 912 et
596 850 725 912 Gaetulis
742 858 843 927 captus
859 849 913 924 sit,
936 849 972 908 ad
991 847 1099 908 ducem

88 949 247 1007 Romanum
259 943 414 1022 pervenire
432 939 579 1020 potuisse,
597 934 677 1000 nullo
697 934 872 994 commercio
889 929 1099 992 iuterltalicos

32 1068 40 1092 r
56 1077 64 1088 „
90 1041 119 1091 et
131 1029 219 1090 Aluos
232 1029 286 1087 nisi
300 1035 367 1105 post
380 1021 505 1086 deletam
520 1018 726 1096 Carthaginem
737 993 932 1098 coeptosllic
948 1033 1013 1075 cum
1024 1014 1098 1074 mul-

35 1121 41 1129 ''
60 1106 65 1114 ’
88 1117 126 1174 tis
138 1111 283 1172 nobilibus
297 1108 475 1170 familiariter
486 1105 574 1180 vixit,
590 1104 644 1163 sed
657 1103 778 1162 maxime
792 1119 856 1161 cum
867 1101 1006 1178 Scipione
1018 1098 1100 1158 Alri·
1112 1121 1139 1163 ru

91 1215 164 1258 cano
183 1204 213 1255 et
231 1192 265 1253 C.
280 1193 390 1253 Laelio.
436 1190 547 1265 Quibus
563 1190 648 1246 etiam
667 1185 800 1265 corporis
814 1185 909 1262 gratia
924 1183 1102 1244 conciliatus

90 1281 285 1353 existimatur,
316 1275 395 1355 quod
419 1283 448 1334 et
467 1277 562 1353 ipsum
584 1269 754 1332 Fenestella
777 1269 888 1346 arguit,
916 1266 1102 1327 contendens

42 1429 46 1438 ‚
90 1373 213 1440 utroque
238 1359 375 1420 maiorem
397 1367 469 1418 natu·
489 1357 598 1432 luisse,
625 1355 755 1435 quamvis
780 1362 808 1412 et
832 1351 933 1432 Nepos
956 1351 1103 1429 aequales

92 1465 191 1506 omnes
212 1446 303 1505 fuisse
324 1442 418 1503 tradat
434 1450 464 1501 et
477 1439 598 1501 Porcius
613 1437 811 1518 suspicionem
828 1436 865 1497 de
887 1435 1103 1495 consuetudine

90 1549 145 1610 per
158 1530 232 1590 haec
248 1527 350 1587 iaciat:
948 1536 952 1545 ·
1115 1549 1143 1589 25

150 1620 224 1676 llum
237 1617 376 1672 lasciviam
392 1614 519 1670 notitiam
533 1619 559 1668 ct
575 1611 672 1668 laedes
682 1609 800 1683 sucosam
810 1610 888 1682 petit,

149 1703 223 1758 Dum
239 1699 370 1772 Africani
381 1712 471 1754 ccccm
485 1699 605 1754 divinam
618 1695 707 1751 initiat
719 1695 805 1750 acidis
822 1691 947 1758 acribus,

152 1787 223 1842 Dum
239 1785 277 1839 ad
291 1781 401 1838 Philam
413 1796 444 1837 se
458 1783 580 1857 comitare
593 1784 619 1836 et
632 1779 755 1834 loedriam
767 1778 916 1850 pulchram
926 1783 1019 1849 putot,

153 1865 425 1924 Damaccmcrr'ad
442 1865 587 1920 discredit
700 1855 718 1892 *
812 1867 814 1872 ’
871 1853 889 1891 *
960 1887 968 1915 .·
1205 1917 1207 1928 ,

193 1944 211 1981 *
253 1951 350 2006 crebro
364 1952 393 2005 im
408 1948 543 2005 Albanam
558 1949 671 2019 rapitur
686 1945 718 2002 ob
728 1947 827 2018 florem
841 1947 939 2002 aetatis
952 1960 1032 2001 sane.
1114 1958 1144 1997 no

153 2036 221 2090 Post
232 2034 345 2090 sublatis
359 2033 441 2089 redas
456 2033 495 2087 ad
506 2049 641 2088 summam
656 2032 776 2102 inopiam
791 2029 921 2087 redactus
938 2034 986 2085 cst.

150 2119 249 2190 ltaque
259 2131 275 2172 e
284 2121 430 2188 conspecta
441 2119 560 2173 amaeam
576 2116 632 2170 abit
644 2115 791 2170 Graeciam
801 2117 830 2170 im
841 2119 947 2169 terram
965 2115 1104 2179 ultimam,

152 2201 292 2256 Mortauot
306 2199 478 2272 Stymphala,
493 2200 633 2255 Arcadiae
646 2201 674 2254 in
690 2199 799 2270 oppido.
830 2197 877 2253 Nil
889 2197 1005 2254 Publius

154 2283 246 2354 Scrjnio
254 2281 380 2353 profuit,
395 2285 435 2338 nit
447 2286 488 2339 illi
500 2283 625 2348 laelius,
640 2285 681 2362 ait
695 2283 808 2352 Furias,

156 2367 181 2424 Τ
179 2381 226 2423 rec
235 2381 292 2437 per
305 2367 335 2421 id
347 2372 452 2438 tempas
465 2369 513 2438 qttt'
526 2367 667 2439 oqitabant
680 2367 783 2422 nobiles
794 2366 936 2438 facillime.
1113 2387 1144 2427 25

151 2453 257 2506 Eorum
272 2451 318 2506 ille
330 2466 417 2521 opera
430 2467 466 2506 ne
481 2451 589 2506 domum
603 2451 711 2522 quidem
725 2450 819 2505 lrabeat
831 2451 1040 2517 conducticiam,

152 2533 253 2590 Saltem
268 2539 298 2590 ct
310 2540 381 2590 esset
393 2551 446 2605 qao
460 2533 582 2605 referret
597 2533 695 2590 obitam
709 2535 812 2591 dommi
823 2535 960 2590 saumas.

43 2665 45 2669 ,
172 2615 296 2692 Scripsit
322 2614 489 2674 comoedias
516 2631 587 2686 sex,
619 2631 656 2671 ex
682 2613 785 2692 quihus
812 2615 932 2691 primam
956 2610 1102 2672 Andriam

23 2699 54 2728 ''r'
90 2714 153 2755 cum
169 2696 311 2757 aedilibus
328 2697 425 2772 daret,
443 2698 539 2757 iussus
553 2706 619 2756 ante
632 2694 763 2756 Caecilio
780 2698 922 2771 recitare,
940 2697 976 2756 ad
988 2713 1102 2756 cenan-

88 2788 146 2839 tem
170 2797 233 2839 cum
255 2782 401 2857 venisset,
423 2779 517 2840 dictus
542 2791 587 2840 ast
607 2781 715 2840 initium
731 2781 846 2858 quidem
862 2778 992 2857 fabulae,
1016 2781 1099 2859 quod
1112 2802 1143 2843 au

90 2872 153 2922 erat
175 2865 387 2943 contemptione
406 2865 530 2940 vestitu,
555 2864 696 2924 subsellio
713 2865 792 2924 iuxta
806 2864 944 2924 lectulum
961 2864 1100 2924 residens
1188 2921 1195 2943 ,

88 2945 218 3022 legisse,
242 2957 310 3024 post
336 2963 447 3026 paucos
470 2965 542 3007 vero
568 2966 671 3007 versus
693 2949 828 3008 invitatus
852 2957 884 3007 ut
905 2947 1102 3009 accumberet

89 3047 211 3089 cenasse
225 3048 295 3109 una,
312 3031 379 3091 dein
395 3040 496 3091 cetera
511 3034 734 3110 percucurrisse
749 3049 807 3091 non
823 3033 888 3091 sine
902 3051 1006 3110 magna
1020 3031 1098 3093 Gae-

90 3113 147 3170 cilii
167 3113 364 3174 admiratione.
398 3113 436 3175 Et
461 3115 536 3175 hanc
564 3124 658 3176 autem
684 3124 713 3175 et
740 3116 867 3195 quinque
893 3116 1022 3196 reliquas
1046 3135 1100 3176 ae·

89 3195 213 3272 qrraliter
233 3199 343 3276 populo
365 3198 518 3277 probavit,
542 3200 672 3279 quamvis
691 3198 843 3260 Vulcatius
864 3199 1139 3264 dinumerationem

89 3280 212 3339 omnium
227 3282 265 3341 ita
283 3282 411 3342 scribat:

240 3367 369 3425 Sumatur
380 3370 495 3441 Hecyra
510 3377 592 3426 sexto
606 3386 644 3426 ec
657 3371 700 3427 lars
713 3371 824 3443 fabula.

88 3440 244 3502 Eunuchus
266 3447 381 3524 quidem
401 3448 446 3507 bis
467 3447 514 3507 die
536 3458 600 3508 acta
623 3459 669 3511 est
683 3451 846 3530 meruitque
863 3453 985 3530 pretium
1005 3471 1099 3533 quan·
