2408 3870
371 273 374 278 ,
451 216 660 267 nusursrro.
953 219 1003 272 vn

89 377 323 452 proconsulatum
336 376 527 448 Bithynicum,
549 377 578 433 id
594 377 722 434 estintra
742 394 829 435 annos
844 383 877 439 97
893 384 921 434 et
939 385 1005 444 108:

89 463 144 534 qui
160 461 233 518 enim
248 461 372 517 decimus
387 461 504 518 inscribi
522 461 612 531 solet,
627 460 700 517 liber
717 454 868 534 singularis
885 467 929 518 est
943 464 1005 536 epi-

91 547 230 602 stularum
252 545 287 602 ad
302 544 448 601 traianum
465 551 493 600 et
510 562 525 601 a
542 543 661 601 Traiano
680 545 819 616 datarum,
842 546 923 617 isque
938 551 1005 618 post

90 629 323 702 proconsulatum
338 628 453 684 circiter
467 644 566 684 anuum
582 633 631 686 112
647 627 738 685 editus
756 634 800 685 est
814 628 911 702 paucis
927 645 1003 684 men-

1 728 2 765 :
90 713 174 771 sibus
190 717 253 770 ante
268 711 350 768 Plinii
365 717 496 782 mortem,
517 718 547 765 ut
567 710 651 766 docet
664 708 777 768 llennmi
796 712 830 768 ad
846 711 1004 769 Orellianas

1 813 3 872 q
90 795 299 868 Inscriptiones
313 801 331 856 3
344 811 372 867 p·
385 799 445 854 124.
490 795 606 867 Spectat
625 794 711 866 igitur
726 794 807 851 Plinii
823 795 1004 868 epistularum

1 890 2 958 ᾖ
90 879 261 950 Tranquillo
276 878 473 954 inscriptamn
488 877 677 937 vetustissima
696 893 783 934 nonos
797 877 884 935 XXVI
904 895 1004 949 egres-

1 970 3 1000 ι
91 981 171 1033 sum,
187 961 341 1019 novissima
357 961 598 1034 quadragesimum
610 961 731 1018 nondun
744 961 909 1033 ingressum.
934 961 1004 1018 Sunt

92 1062 165 1103 vero
177 1046 231 1102 bae
248 1051 399 1116 mlestus.
418 1053 445 1116 3,
452 1052 478 1104 8.
492 1054 519 1116 5,
527 1053 571 1104 10.
588 1051 615 1115 9,
626 1051 668 1105 34.
688 1052 730 1116 10,
742 1050 777 1108 94
787 1051 815 1101 et
826 1052 859 1105 95
874 1045 918 1101 sd.
928 1045 1001 1102 lleil.

91 1131 124 1187 ln
139 1130 185 1186 bis
201 1128 330 1201 epistulis
349 1128 453 1185 Plinius
467 1129 568 1184 bononi
591 1135 618 1184 et
640 1129 790 1185 commodis
807 1130 906 1201 reique
923 1129 1004 1186 lami-

91 1213 159 1270 liari
171 1212 299 1270 Suetonii
317 1212 345 1269 in
360 1212 569 1268 contubernium
588 1229 666 1268 suum
684 1213 790 1285 recepti
806 1213 932 1270 omnibus
945 1230 1004 1269 mo-

92 1287 140 1353 dis*
155 1303 184 1352 et
198 1295 415 1366 diligentissime
432 1295 561 1352 consulit.
598 1295 775 1352 Tribunatum
791 1296 939 1352 militarem
953 1314 1004 1370 pe-

92 1380 165 1436 tenti
182 1379 342 1451 impetravit
359 1395 511 1451 rursusque
527 1380 649 1452 petentis
668 1379 758 1452 gratie
775 1379 803 1434 in
818 1379 1004 1451 propinquum

1 1526 2 1532 χ
92 1465 216 1534 aliquem
234 1463 390 1532 transtulit,
412 1463 523 1519 modico
544 1463 636 1536 pretio
655 1462 829 1536 praediolum
848 1463 910 1520 urbi
933 1463 1004 1519 viei-

1 1576 2 1584 ι
92 1564 158 1602 num
179 1545 327 1617 multisque
342 1547 427 1602 rebus
443 1546 661 1602 commendatum
682 1547 870 1618 comparavit,
891 1562 1003 1604 oausam

1 1687 2 1701 q
93 1631 168 1702 apud
194 1628 382 1686 centumviros
408 1635 532 1686 acturum
559 1636 587 1685 et
612 1631 721 1686 somnio
746 1630 923 1702 perterritum
947 1639 1003 1686 non

93 1715 179 1770 modo
194 1711 290 1767 verbis
308 1713 470 1769 consolatus
487 1718 546 1784 cst,
569 1714 620 1769 sed
642 1709 725 1768 etiam
740 1713 875 1770 dilatione
896 1714 1004 1785 aliquot

1 1847 3 1862 p
93 1799 203 1855 dierum
220 1795 344 1868 expetita
361 1797 552 1866 confirmavit,
572 1797 601 1852 in
618 1796 796 1868 expoliendis
811 1796 916 1852 libellis
933 1812 1003 1866 quos

94 1881 197 1937 dudum
212 1879 374 1935 absolverat
388 1880 507 1936 nimiunn
518 1884 690 1935 cunctantem
706 1878 850 1935 blanditiis
866 1879 901 1934 ad
918 1880 1004 1934 eden-

95 1964 337 2030 dumsxborlatus
354 1967 406 2019 ost.
436 1961 532 2034 Neque
549 1963 638 2020 minus
655 1961 832 2033 Tranquillus
848 1960 937 2019 Plinio
954 1963 1003 2017 de-

95 2064 157 2102 com
175 2046 236 2102 iere
254 2045 333 2100 annis
353 2045 453 2100 maiori
468 2047 679 2116 honoribusque
693 2046 805 2100 multum
827 2046 1004 2102 antecedenti

93 2147 203 2187 omnem
215 2128 402 2184 reverentiam
414 2131 577 2201 praestabat
592 2135 620 2184 et
635 2128 767 2198 oonsilio,
779 2129 803 2185 si
815 2145 866 2184 usn
878 2135 1003 2198 venerat,
1114 2177 1116 2182 ,

93 2213 263 2280 adiuuabat,
280 2211 401 2283 denique
417 2229 442 2267 o.
460 2219 511 2272 109
526 2229 585 2268 cum
599 2211 824 2269 extraordinario
841 2213 959 2284 imperio
974 2211 1003 2268 in

94 2295 250 2365 Bithyniam
266 2310 299 2351 ac
315 2295 430 2351 Pontum
444 2295 556 2352 missum
571 2295 717 2366 comitatus
730 2301 781 2350 est.
815 2294 925 2367 Operae
937 2311 1002 2368 pre-

95 2381 163 2436 tium
182 2385 225 2433 est
240 2378 336 2434 audire
354 2379 455 2450 quibus
470 2379 565 2434 verbis
581 2395 616 2434 ex
631 2377 760 2448 Bithynia
779 2395 803 2435 u.
822 2386 873 2438 110
888 2377 1002 2450 scriptis

94 2463 200 2518 Plinius
216 2461 304 2518 emico
319 2478 414 2533 parum
431 2463 501 2519 ielix
518 2461 718 2519 matrimonium
733 2468 852 2532 experto
861 2461 905 2516 ins
921 2461 1002 2516 trium

1 2575 2 2627 j
94 2547 247 2602 liberorum
273 2562 297 2617 a*
316 2545 434 2602 'Praiono
463 2544 584 2602 Caesare
609 2543 816 2616 impetraverit:
834 2544 1001 2616 *Sestertium

1 2633 2 2707 ἶ
98 2629 302 2702 Tranqudlmm,
320 2629 425 2701 iuquit,
438 2629 632 2702 probissimum
644 2627 858 2684 honestissimum
875 2628 1002 2684 eruditas-

94 2716 194 2770 simum
209 2713 310 2783 cirum,
327 2718 352 2766 et
364 2727 454 2769 mores
468 2715 526 2768 eius
538 2717 647 2769 secutus
663 2717 690 2767 et
701 2712 806 2782 studio,
821 2714 876 2768 inm
889 2713 1001 2786 pridem

1 2799 2 2804 ’
95 2800 122 2854 in
140 2796 346 2852 contubernium
362 2797 507 2869 adsumpsi
528 2801 655 2870 tantoque
675 2798 764 2869 mcpr's
782 2797 894 2868 diltpere
915 2799 1003 2868 coepi,

93 2887 198 2955 quanto
211 2879 284 2936 bunc
295 2881 415 2952 propius
428 2881 545 2952 impexi.

158 2963 294 3032 Quantum
310 2980 344 3019 en
360 2964 404 3019 bis
416 2963 549 3020 Plinianis
560 2962 632 3020 loeis
644 2963 805 3034 intelligere
822 2964 900 3034 licet,
914 2963 1003 3020 Pran-

1 3064 3 3070 ’
98 3048 201 3119 quillus
228 3047 311 3102 nullis
336 3047 494 3102 muneribus
519 3052 565 3102 aut
587 3046 716 3103 militaris
736 3052 783 3103 aut
806 3047 936 3120 publicus
958 3047 1001 3103 rei

97 3131 207 3186 iunctus
218 3131 354 3202 privatam
369 3146 402 3186 uc
418 3130 543 3186 sobole
554 3131 683 3186 sticum
699 3130 802 3186 vitam
817 3130 924 3203 exegit,
938 3131 1001 3187 dum

1 3239 2 3242 ¹
96 3213 213 3296 Plinium
230 3214 359 3287 epistulis
374 3213 531 3270 scribendis
547 3214 659 3270 adiuvat
678 3213 818 3284 otiumque
833 3213 879 3269 vel
898 3212 1001 3270 litteris

1 3329 3 3348 t
96 3297 231 3370 impendit
245 3298 290 3353 vel
309 3296 454 3369 discipulis
466 3297 512 3353 vol
529 3297 686 3353 clientibus.
719 3297 789 3351 Hinc
804 3297 833 3352 tit
848 3302 877 3350 ut
891 3298 1001 3352 scho-

97 3381 264 3437 lasticum
280 3381 451 3437 bominem
470 3375 505 3453 (i.
518 3398 543 3437 e.
556 3380 724 3437 rhetoricum
742 3380 932 3452 professorem
947 3379 1001 3435 cir.

97 3464 168 3520 inira
184 3481 211 3536 p.
228 3469 295 3538 271,
313 3460 361 3538 17)
380 3461 484 3519 Plinius
501 3469 582 3534 ml
598 3464 735 3536 appellet,
751 3453 953 3537 γραμματικὸν
973 3468 1002 3518 st
