2444 3872
107 154 166 216 158
195 167 224 216 e.
241 167 392 216 sunuour
410 167 701 227 unusqusique
723 165 907 214 ennsnnun
921 167 990 216 nin.
1005 167 1039 215 v.

107 339 219 402 perque
247 322 369 382 mediam
397 340 530 399 caveam,
559 321 726 383 sedentibus
753 341 789 382 ac
811 321 961 382 silentibus
986 324 1106 400 cunctis,

96 405 319 478 descendisset.
365 405 449 466 Fecit
478 415 508 466 et
537 406 728 481 Saeculares,
761 406 844 484 qu'asi
869 407 1044 485 anticipatos
1071 407 1106 468 ab

107 489 242 568 Augusto
257 509 314 552 nee
338 490 470 568 legitimo
491 491 616 570 tempori
637 499 820 568 reservatos,
841 493 970 568 quamvls
993 492 1106 570 ipsein

107 575 237 635 historiis
253 577 312 635 suis
327 573 448 653 prodat,
469 575 649 636 intermissos
671 593 724 635 eos
739 574 901 652 Augustum
920 574 1010 634 multo
1029 583 1105 654 post,

108 659 327 738 diligentissime
340 675 478 719 annorum
486 661 597 720 ratione
606 658 755 735 subducta,
767 659 796 718 in
808 659 936 719 ordinem
943 658 1104 738 redegisse.
1116 687 1129 726 5

108 743 205 819 Quare
218 761 279 804 vox
293 744 450 823 praeconis
468 743 553 804 irrisa
576 752 638 818 est,
661 743 805 803 invitantis
819 761 901 804 more
922 744 1056 803 sollemni
1071 744 1106 803 ad

106 827 207 905 ludos,
223 845 301 908 quos
315 845 372 888 occ
382 831 555 906 spectasset
565 827 728 909 quicquum
739 845 796 888 occ
806 833 1004 906 specietenus
1016 834 1105 904 esset,

107 929 170 971 cum
188 920 382 992 superessent
396 911 489 973 adhuc
503 912 552 992 qui
574 919 795 992 spectaverant,
818 921 847 971 et
863 910 977 988 quidam
992 911 1104 972 histrio·
1211 909 1212 940 ³

104 1013 171 1056 num
193 995 329 1075 producti
352 996 422 1056 olim
446 1004 515 1059 tuuc
535 1013 652 1075 quoque
675 993 914 1073 producerentur.
949 993 1107 1056 Circenses

104 1081 274 1158 frequenter
298 1081 383 1140 etiam
399 1081 428 1140 in
444 1081 589 1142 Vaticano
612 1079 768 1157 commisit,
791 1096 1003 1159 nonnumquam
1017 1081 1103 1140 iuter·
1116 1101 1142 1144 tt

105 1166 179 1224 lecta
201 1181 256 1242 per
278 1165 383 1242 quinos
397 1165 502 1224 missus
521 1165 687 1224 venatione.
708 1161 795 1224 Circo
808 1181 879 1224 vero
894 1164 1018 1225 maximo
1033 1183 1105 1226 mar·

103 1247 211 1308 moreis
229 1247 396 1308 carceribus
419 1249 586 1326 auratisque
608 1249 709 1326 metis,
732 1265 807 1327 quae
827 1257 948 1327 utraque
969 1257 1000 1308 et
1018 1249 1107 1308 tolioa

104 1349 139 1392 ac
151 1331 248 1408 lignea
260 1340 345 1392 antea
354 1331 478 1409 fueraut,
492 1332 619 1410 exculto,
634 1333 753 1411 propria
766 1332 947 1392 senatoribus
959 1333 1108 1393 constituit

103 1416 169 1475 loca
185 1416 352 1495 promiscue
373 1426 509 1495 spectare
530 1417 640 1485 solitis;
668 1434 704 1476 ac
721 1435 809 1495 super
825 1415 1027 1495 quadrigarum
1044 1434 1105 1477 cer-

104 1499 208 1565 tamina
224 1498 329 1560 Troiae
346 1498 439 1560 lusum
451 1500 580 1562 exhibuit
595 1509 625 1560 et
638 1499 809 1576 Africanas,
827 1501 1000 1562 conficiente
1015 1510 1107 1561 turma
1117 1519 1142 1560 rs

104 1583 230 1662 equitum
246 1587 509 1663 praetorianorum,
527 1584 647 1646 ducibus
661 1583 783 1644 tribunis
797 1586 921 1664 ipsoque
936 1584 1105 1666 praelecto:

103 1677 259 1747 praeterea
286 1667 444 1730 Thessalos
471 1671 600 1748 equites,
629 1670 676 1747 qui
704 1668 786 1729 leros
814 1677 912 1729 tauros
938 1687 992 1748 per
1013 1671 1106 1748 spatia

104 1752 176 1812 circi
195 1763 283 1831 agunt
304 1753 488 1832 insiliuntque
511 1753 696 1822 defessoset
717 1753 752 1814 ad
774 1761 879 1813 terram
904 1751 1040 1814 cornibus
1056 1752 1105 1812 de·

103 1835 227 1898 trahunt.
699 1877 702 1883 .
1166 1833 1170 1842 '

155 1919 342 1981 ‘Gladiatoria
371 1939 490 1986 munera
513 1919 689 1999 plurifariam
713 1939 748 1980 ac
769 1921 937 1999 multiplicia
960 1919 1144 1980 exhibuitzuo

104 2005 330 2064 amiversarium
352 2006 380 2063 in
403 2007 506 2067 eastris
522 2005 716 2083 praetorianis
732 2005 794 2064 sine
812 2006 968 2065 venatione
983 2022 1107 2084 appara·
1182 2074 1185 2083 ¹

103 2095 210 2166 tuque,
232 2089 335 2147 iustum
353 2097 440 2166 atque
460 2087 618 2166 legitimum
633 2088 791 2167 in'Septis;
820 2087 926 2148 ibidem
945 2087 1205 2187 extruendi-Saepo<

87 2170 213 2249 ,narium
239 2179 268 2230 et
289 2170 380 2232 breve
403 2171 571 2249 dierumque
594 2189 767 2252 paucorum,
797 2171 931 2252 quodque
951 2172 1107 2252 'appellare

105 2255 204 2332 coepit
219 2255 443 2334 sportulam,
463 2257 528 2334 quia
544 2257 665 2334 primum
677 2255 793 2316 daturus
806 2255 953 2334 edixerat,
968 2255 1051 2317 uelut
1063 2255 1109 2316 od

61 2347 79 2400 e
103 2337 239 2399 subitum
251 2337 486 2418 condictamque
498 2339 659 2424 Qualem
672 2339 807 2400 ianitore
820 2357 854 2400 se
867 2340 1024 2420 populum.
1041 2339 1106 2400 Nec
1117 2361 1144 2402 cs

102 2422 162 2483 ullo
180 2423 342 2503 spectaculi
357 2439 469 2502 genere
493 2423 669 2484 communior
690 2432 737 2484 aut
758 2427 907 2489 remissior
925 2432 1002 2501 erat,
1030 2423 1106 2486 adeo

102 2514 133 2566 ut
147 2506 263 2569 oblatos
274 2506 436 2570 victoribus
448 2525 553 2568 aureos
564 2508 678 2587 prolata
690 2507 806 2568 sinistra
817 2511 926 2587 pariter
939 2526 1002 2568 cum
1015 2508 1106 2588 mdgo

58 2627 60 2631 -
103 2608 179 2652 voce
205 2592 361 2672 digitisque
382 2600 560 2667 numeraret,
593 2609 628 2652 ac
648 2609 739 2670 saepe
756 2590 898 2652 hortando
915 2591 1107 2672 rogandoque

103 2672 139 2734 ad
152 2673 326 2736 hilaritatem
339 2675 471 2738 homines
490 2680 684 2755 provocaret,
700 2674 866 2736 dominos
883 2675 1038 2737 identidem
1054 2694 1106 2756 ap·

102 2757 234 2837 pellens,
255 2760 390 2820 immixtis
405 2757 546 2822 interdum
560 2759 675 2839 frigidis
690 2768 719 2820 el
734 2761 883 2820 arcessitis
898 2761 989 2829 iocis;
1011 2762 1106 2840 qualis
1117 2781 1145 2826 so

103 2852 149 2901 est
166 2849 196 2902 ut
210 2860 274 2902 cum
289 2842 456 2904 Palumbum
475 2843 689 2924 postulantibus
704 2842 833 2904 datumm
854 2862 887 2904 se
903 2845 1054 2923 promisit,
1078 2845 1111 2905 si

103 2931 216 3004 coptus
228 2933 316 2987 esset.
333 2927 408 2989 lllud
419 2928 506 3009 plane
520 2927 700 3006 quantumvis
711 2927 867 2988 salubriter
875 2936 904 2990 et
916 2928 946 2988 in
954 2937 1107 3008 tempore:

103 3026 166 3069 cum
183 3009 349 3090 essedario,
372 3029 427 3091 pro
449 3029 505 3090 quo
522 3019 655 3091 quattuor
670 3011 710 3072 llll
725 3010 975 3090 deprecabantur,
998 3029 1108 3091 magno

102 3095 226 3155 omnium
241 3095 345 3157 lavore
365 3094 533 3156 indulsisset
548 3094 664 3173 rudem,
685 3094 811 3156 tabulam
827 3096 896 3156 ilico
915 3098 992 3157 misit
1009 3097 1094 3158 admo

100 3194 173 3238 nens
186 3178 334 3259 populum,
350 3185 464 3259 quanto
475 3197 570 3259 opere
581 3178 697 3241 liberos
708 3179 868 3260 suscipere
878 3178 1013 3258 deberet,
1028 3199 1110 3261 quos
1119 3207 1149 3253 as

99 3259 219 3323 uideret
240 3270 270 3324 et
290 3262 466 3342 gladiatori
482 3263 647 3342 pracsidio
666 3263 850 3346 gratiaeque
864 3281 940 3324 esse.
963 3261 1061 3326 Edidit
1078 3275 1111 3327 et

99 3341 128 3402 ln
150 3344 255 3406 Martio
279 3364 382 3425 eampo
405 3349 650 3426 expugnationem
675 3347 924 3428 direptionemque
948 3350 1049 3430 oppidi
1071 3347 1111 3429 ad

98 3425 252 3504 imaginem
267 3428 403 3490 bellicam
419 3439 449 3490 et
470 3429 645 3496 deditionem
660 3431 824 3494 Britanniae
841 3452 974 3513 regum,¹
984 3453 1109 3515 praese·
