2412 3876
20 298 36 356 κ’

509 216 613 266 nrvus
635 217 758 267 runuus.
1118 203 1136 266 ‘l

19 413 21 420 .
131 369 258 430 Cimbris
274 378 362 449 atque
374 368 528 448 Teutonis,
544 370 614 432 olim
628 371 735 432 uSulle
745 371 879 449 disiecta,
895 373 1034 450 restituit,
1050 381 1137 452 atque

130 465 160 522 in
182 457 349 521 exercenda
366 455 527 538 devsicans
542 457 721 542 ‘quaestione
749 473 804 517 eos
829 473 948 535 quoque
971 459 1141 518 sicariorum

17 584 37 644 j2·
129 559 253 605 numero
269 541 385 620 babuit,
408 534 462 621 qui
476 541 692 620 proscriptione
711 540 749 600 ob
770 540 864 601 relata
880 541 984 602 civium
995 541 1139 604 Romano-

128 647 194 690 mm
211 628 308 707 capita
330 627 470 705 pecunias
490 642 529 684 ex
545 625 661 685 aerario
685 634 876 705 acceperant,
899 640 1071 705 quamquem
1089 645 1138 686 ex·

16 759 18 776 2
103 722 239 793 sceptcs
253 710 390 794 Cornelis
410 708 537 788 legibus.
569 709 745 770 Subomurit
764 710 849 770 etiarn
865 710 914 788 qui
930 709 1002 771 Gaio
1017 709 1136 772 Rabirio
1152 727 1183 778 m

130 784 440 878 perduellionisdiem
460 793 589 872 diceret,
612 811 670 873 quo
692 795 852 874 praecipuo
877 792 1009 854 adiutore
1030 795 1140 875 aliquot

129 891 198 943 unte
213 896 305 941 annos
316 879 385 940 buci
400 879 544 940 Saturnini
556 875 725 938 seditiosum
737 878 912 940 tribunatum
925 887 1043 940 senatus
1055 896 1139 939 coer·

131 975 251 1041 onerat,
266 983 302 1025 ac
317 972 398 1025 sorte
412 963 501 1024 iudex
515 963 545 1021 in
555 977 637 1024 reum
652 962 755 1023 ductus
768 971 826 1023 tem
842 963 949 1042 cupide
967 963 1139 1024 condemna-

129 1051 187 1128 vit,
203 1057 234 1108 ut
247 1045 285 1108 ad
301 1047 439 1128 populum
453 1048 628 1127 provocanti
647 1045 718 1107 nibil
740 1064 835 1127 seque
851 1065 887 1108 ac
909 1047 1012 1108 iudicis
1027 1047 1139 1108 acerbi·

95 1143 178 1195 rotas
194 1133 346 1212 profuerit.
369 1129 512 1212 Deposita
526 1131 696 1210 provinciae
711 1149 766 1211 spe
778 1132 975 1211 pontificatum
987 1134 1139 1194 merimum
1150 1143 1184 1195 13

129 1219 222 1299 petit,
240 1233 298 1277 non
311 1218 374 1277 sine
390 1215 592 1296 profusissima
607 1215 778 1294 largitione;
802 1217 832 1276 in
850 1233 906 1295 qua
927 1225 1067 1298 reputans
1082 1235 1139 1278 ma·

129 1300 310 1381 gnitudinern
334 1304 411 1362 acris
428 1299 529 1376 alieni,
553 1317 616 1360 cunr
635 1317 720 1361 mane
742 1298 778 1361 ad
796 1301 911 1362 comitia
935 1300 1139 1377 descenderet,

129 1385 316 1466 praedixisse
331 1386 414 1446 matri
430 1384 572 1444 osculanti
583 1384 690 1461 iertnr,
707 1383 829 1446 omnum
843 1402 877 1446 se
890 1385 953 1446 rst’si
965 1386 1141 1464 pontificem

128 1488 193 1531 cort
208 1485 415 1530 reoerocrcm.
441 1466 539 1548 Atque
557 1469 596 1528 ita
607 1471 826 1547 potentissimos
842 1469 915 1530 duos
930 1472 1141 1550 competitores

95 1553 308 1633 tumultumque
325 1561 355 1614 et
372 1559 468 1614 aetate
490 1561 519 1612 et
540 1551 680 1630 digqitste
695 1552 903 1614 antecedentes
923 1556 1089 1633 superarit,
1111 1564 1141 1614 ut

130 1637 216 1717 plura
232 1639 297 1716 ipse
319 1639 348 1696 in
369 1654 469 1696 eorum
484 1635 616 1697 tribubus
626 1636 770 1715 suffragia
791 1655 877 1717 quarn
891 1647 1014 1717 uterque
1032 1641 1060 1698 in
1080 1655 1139 1698 onr-

129 1720 215 1782 nibus
229 1721 336 1782 tulerit.

194 1805 316 1866 Praetor
339 1813 470 1881 creetur,
498 1804 613 1864 detecta
636 1805 836 1867 coniuratione
858 1805 999 1869 Catilinae
1022 1816 1184 1878 senatu-14

131 1909 189 1971 quc
209 1891 347 1952 universo
369 1890 397 1950 in
418 1891 518 1950 socios
538 1889 678 1950 facinoris
698 1889 823 1950 ultimam
840 1899 985 1951 statuente
1002 1908 1138 1970 poenam,

94 1975 215 2036 rosolus
230 1975 426 2054 municipatim
446 1971 617 2035 dividendos
629 1974 896 2054 custodiendosque
913 1974 1069 2053 publicatis
1087 1975 1138 2036 bo-

129 2061 175 2121 nis
193 2060 315 2120 censuit.
347 2059 422 2133 Quin
438 2068 466 2118 et
483 2067 590 2120 tantum
607 2068 712 2120 metum
728 2059 826 2119 iniecit
850 2060 1001 2139 asperiore
1017 2060 1138 2120 suaden-

128 2145 225 2220 tibus,
250 2142 407 2203 identidem
427 2151 577 2203 ostentans
599 2153 773 2222 quantaeos
794 2145 989 2223 inposterum
1011 2163 1027 2204 a
1050 2143 1139 2224 plebe

128 2230 262 2290 Romane
286 2233 418 2289 maneret
432 2227 552 2304 invidia,
571 2237 601 2288 ut
614 2227 763 2289 Decimum
778 2227 907 2290 Silanum
926 2229 1076 2290 consulem
1090 2228 1138 2287 de-

130 2315 280 2390 signatum·
303 2328 361 2373 non
384 2313 512 2390 piguerit
532 2314 702 2373 sententiam
724 2331 821 2389 suam,
846 2315 912 2392 quia
926 2322 1037 2374 mutare
1053 2321 1139 2394 turpe

93 2407 164 2458 scer
201 2442 210 2474 ,
232 2397 474 2476 interpretatione
492 2395 603 2474 lenire,
626 2397 705 2457 velut
730 2399 850 2475 gravius
871 2405 958 2476 atquc
980 2399 1046 2476 ipse
1074 2416 1138 2457 sen·

130 2483 219 2542 sisset
234 2490 398 2560 exceptam.
418 2477 701 2561 obtinuissetqdeo,
716 2481 890 2542 transductis
901 2482 958 2541 iam
974 2481 1010 2542 ad
1027 2499 1060 2542 sc
1076 2481 1139 2562 plu·

128 2565 211 2626 ribns
229 2573 259 2624 et
280 2565 309 2624 in
326 2563 371 2625 bis
386 2562 531 2625 Cicerone
548 2553 677 2625 consuffis
692 2565 799 2642 fratre,
822 2564 877 2624 nisi
898 2563 1044 2626 labantem
1062 2564 1139 2625 ordi-

130 2667 197 2709 nem
216 2650 417 2710 conlimrusset
431 2648 469 2710 bl.
486 2646 606 2712 Catonis
627 2649 730 2709 oratio.
761 2647 807 2709 Ac
826 2667 863 2710 ne
886 2649 929 2710 sie
953 2648 1067 2728 quidem
1089 2652 1137 2708 im-

122 2716 239 2818 pedire
251 2751 313 2793 rern
329 2731 454 2810 destitit,
471 2720 682 2812 quoad'manus
692 2733 820 2812 equitum
834 2733 1046 2811 Romanorum,
1064 2751 1139 2814 quae

94 2819 121 2870 tl
134 2813 242 2880 armatu
259 2809 399 2896 proesidii
422 2834 510 2877 causa
532 2816 750 2894 circumstabat,
771 2817 978 2878 inmoderatius
999 2835 1139 2897 perseve-

129 2903 203 2962 ranti
219 2919 323 2961 necem
341 2902 511 2962 comminata
527 2909 586 2978 est,
608 2903 693 2962 etiam
715 2903 833 2962 strictos
853 2900 970 2980 gladios
981 2894 1092 2982 'usque'
1103 2917 1139 2961 eo

130 2987 325 3062 intentans,ut
338 2984 488 3045 sedentem
497 3003 553 3046 uua
564 2987 688 3064 proximi
699 2985 890 3064 deseruerint,
901 2988 951 3048 rix
964 2986 1050 3067 pauci
1063 3004 1139 3047 com·

128 3069 220 3149 plexu
231 3077 363 3149 togaque
382 3068 498 3130 obiecta
510 3073 700 3149 protexerint.
727 3070 808 3132 'lunc
820 3071 907 3151 plane
917 3070 1072 3132 deterritus
1081 3087 1140 3130 non

129 3152 216 3231 morlo
234 3155 341 3230 cessit,
365 3152 418 3214 sed
435 3162 464 3214 et
477 3154 507 3213 in
523 3153 666 3233 reliquum
686 3155 752 3214 anni
768 3164 883 3235 tempus
901 3156 980 3216 curia
995 3155 1139 3216 abstinuit.

92 3245 119 3288 ⁸⁵
176 3237 290 3314 ¹Primo
306 3245 461 3316 praeturae
483 3236 529 3298 die
545 3237 680 3314 Quintum
691 3236 823 3300 Catulum
846 3239 882 3300 de
902 3239 1064 3300 reiectione
1082 3237 1136 3300 Ga·
1149 3247 1187 3318 le

129 3319 213 3402 pitoli
229 3320 264 3384 ad
275 3320 506 3402 disquisitionem
517 3322 619 3402 populi
628 3323 763 3400 vocarit,
778 3324 933 3402 rogatione
943 3323 1137 3403 promulgata,
1184 3335 1187 3362 ³

130 3423 187 3486 qur
204 3406 383 3468 curationem
393 3424 457 3467 eam
473 3407 501 3464 in
517 3405 603 3467 alium
613 3407 823 3478 tmnsierebat;
843 3425 944 3468 rerum
958 3408 1051 3488 impar
1065 3409 1139 3486 opti·

129 3491 246 3552 matium
262 3490 490 3569 conspirationi,
508 3507 582 3569 quos
600 3491 703 3552 relicto
720 3492 816 3551 statim
831 3487 973 3554 novorum
988 3491 1141 3552 consulum
1183 3487 1185 3578 l
