2444 3872
479 178 649 227 ulunnnus.
1008 167 1068 232 107

68 331 109 390 nti
130 328 262 406 solebat,
286 331 351 408 regi
365 331 521 393 videretur.
552 332 628 393 Tulit
644 333 730 394 etiam
744 333 915 412 perindigne
932 344 1026 396 actum
1039 336 1070 396 in

3 471 4 480 ἶ
69 422 186 491 senatu,
207 421 238 472 ut
257 413 346 474 titulis
370 416 430 476 suis
451 416 533 495 qnasi
548 418 689 494 Augusti,
710 420 749 477 ita
770 426 800 477 ct
813 417 941 478 liviae
962 419 1069 480 iilius

3 489 6 578 l
68 496 242 559 adiceretur.
271 497 369 572 Quare
387 517 446 559 non
469 509 660 579 parentem
675 503 816 580 patriae
834 501 993 581 appellari,
1011 519 1069 562 non

4 591 21 637 ³.
66 581 156 643 ullum
174 581 316 659 insignem
333 580 473 644 honorem
488 583 624 662 recipere
641 583 758 664 publice
774 603 879 665 passus
895 594 954 656 est;
970 584 1023 646 sed
1040 593 1070 646 et

32 666 237 748 tirequenter
259 665 419 745 admonuit,
438 666 595 728 maioribus
617 686 673 728 nec
688 668 811 728 feminae
830 669 1069 730 convenientibus

66 748 195 827 negotiis
211 748 386 828 abstineret,
405 752 563 831 praecipue
577 760 606 811 ut
618 751 825 830 animadvertit,
840 752 975 814 incendio
990 754 1070 814 iuxta
1155 796 1161 811 ,

67 833 169 894 aedem
187 834 297 894 Vestae
317 843 348 894 et
368 835 462 913 ipsam
482 835 674 896 intervenisse
694 836 890 916 populumque
908 846 938 896 et
951 837 1068 913 milites,

67 934 124 997 qno
140 917 253 977 enixius
269 934 356 997 opem
370 919 492 995 ferrent,
507 917 695 997 adhortatam,
710 921 785 980 sicut
796 920 849 980 snb
863 923 966 981 marito
983 921 1070 981 solita

68 1009 157 1062 esset.
186 999 300 1062 Dehinc
315 1001 351 1061 ad
369 1002 539 1062 simultatem
553 1020 644 1082 usqne
661 1006 808 1083 prooessit
824 1004 896 1081 hac,
915 1013 945 1064 nt
963 1003 1112 1081 lerunttl

32 1108 59 1151 ro
68 1085 103 1145 de
126 1102 223 1145 causa.
252 1083 371 1146 Instanti
393 1086 525 1166 saepius,
550 1095 580 1146 ut
602 1087 717 1148 ciuitate
740 1085 875 1148 donatum
889 1089 919 1147 in
935 1087 1069 1148 decurias

67 1169 235 1247 adlegeret,
257 1171 376 1247 negavit
395 1169 451 1230 alia
474 1187 506 1228 se
531 1169 696 1230 conditione
718 1169 911 1249 adlecturum,
937 1191 1022 1251 qnam
1045 1173 1069 1230 si

3 1293 6 1320 f
66 1261 217 1334 pateretur
237 1253 344 1314 ascribi
364 1252 447 1330 albo,
474 1259 627 1315 actorium
647 1253 680 1314 id
698 1253 761 1314 siti
781 1273 802 1316 o
825 1262 933 1316 matre.
966 1255 1005 1314 At
1019 1255 1070 1315 illa

4 1400 8 1410 ,
67 1344 212 1398 commota
234 1345 350 1398 veteres
372 1337 512 1415 quosdam
528 1337 564 1398 ad
579 1357 611 1398 se
626 1338 752 1415 Augusti
768 1337 921 1400 codicillos
936 1338 973 1398 de
989 1357 1069 1398 acer·

3 1457 5 1490 s
65 1421 158 1481 bitate
182 1429 212 1480 et
233 1420 417 1482 intolerantia
440 1439 551 1481 morum
573 1424 635 1481 eins
657 1440 674 1480 e
695 1422 823 1482 sacrario
847 1422 966 1501 protulit
984 1431 1070 1502 utque
1112 1426 1121 1442 “

3 1495 5 1578 l
32 1505 212 1566 asreoiturit.
237 1503 299 1564 llos
316 1513 345 1564 et
366 1504 526 1565 custoditos
548 1514 605 1564 tam
627 1505 674 1564 diu
694 1514 722 1565 et
742 1505 937 1584 exprobratos
954 1515 1011 1566 tam
1028 1507 1069 1564 in·

3 1579 7 1664 l
65 1589 145 1650 feste
176 1587 249 1649 adeo
275 1590 405 1666 graviter
433 1589 513 1664 tulit,
539 1597 570 1648 nt
594 1587 707 1667 qnidam
727 1597 845 1668 putent,
871 1591 946 1650 inter
968 1606 1071 1649 causan

3 1669 4 1722 l
66 1690 207 1732 secessus
223 1671 341 1732 hancei
358 1670 406 1733 vel
419 1673 604 1752 praeeipuam
619 1673 720 1732 luisse.
756 1671 831 1732 'loto
850 1672 964 1751 quidem
985 1674 1071 1731 trien-

65 1756 135 1832 nio,
164 1773 221 1835 quo
245 1757 362 1816 vivente
384 1764 474 1816 matre
495 1755 578 1832 aruit,
605 1755 696 1816 semel
718 1757 833 1818 omnino
856 1774 919 1816 cam
936 1773 992 1815 nec
1014 1772 1071 1814 am·

3 1829 5 1852 ³
66 1839 145 1918 plius
163 1857 248 1919 qnam
269 1857 326 1898 nno
349 1838 396 1898 die
416 1840 597 1918 paucissimis
620 1839 691 1899 vidit
712 1838 808 1908 horis;
832 1857 866 1900 ac
886 1856 956 1899 mox
977 1854 1071 1916 neqne

30 1941 178 2000 roaegrae
206 1921 311 1982 adesse
335 1924 446 1983 curavit
464 1921 685 2002 defunctamque
708 1932 754 2000 et,
777 1922 843 1982 dum
865 1923 1005 1984 adventus
1027 1921 1072 1980 sui

67 2024 153 2085 spem
181 2005 267 2082 iacit,
298 2005 486 2087 complurium
515 2005 623 2066 dierum
643 2023 725 2066 mora
748 2015 885 2087 corrupto
908 2006 1020 2067 demum
1042 2011 1073 2062 et

65 2088 168 2150 tabido
201 2107 327 2170 corpore
356 2090 516 2151 funeratam
544 2090 691 2169 prohibuit
716 2091 901 2168 consecrari,
938 2092 1019 2170 quusi
1043 2087 1073 2146 id

4 2215 5 2218 κ
65 2173 135 2253 ipsa
145 2173 320 2234 mandasset.
345 2174 557 2235 Testamentum
575 2192 691 2253 quoqne
710 2177 772 2234 eius
791 2192 845 2252 pro
863 2174 945 2235 irrito
963 2172 1071 2247 habuit,

3 2273 4 2276 ’
67 2259 220 2335 omnisque
237 2257 376 2318 amicitias
399 2267 429 2317 et
449 2257 671 2335 familiaritates,
690 2261 775 2319 etiam
792 2258 895 2336 qniltns
909 2276 945 2319 ea
962 2257 1072 2317 funeris

32 2364 57 2405 25
67 2343 112 2402 eni
126 2359 224 2402 curam
238 2342 365 2402 moriens
376 2340 608 2418 demandaverat,
622 2345 697 2402 intra
716 2342 807 2402 breve
826 2351 940 2422 tempus
959 2340 1072 2414 afflixit,

20 2426 24 2429 ’
67 2443 127 2486 uno
145 2444 184 2486 ex
193 2443 247 2518 pp
266 2427 409 2504 equestris
430 2425 537 2485 ordinis
552 2427 626 2503 viro,
645 2427 720 2485 etin
739 2426 854 2486 antliam
870 2422 1071 2486 condemnato.
1081 2481 1084 2490 ,
1085 2467 1109 2510 4

132 2509 272 2570 Filiorum
292 2525 386 2590 neque
400 2508 559 2569 naturalem
571 2508 695 2569 Drusum
709 2526 804 2587 neque
819 2508 986 2586 adoptivum
1002 2505 1071 2566 Ger·
1080 2519 1115 2574 52

3 2665 4 2668 Ἴ
67 2592 211 2655 monicum
232 2593 325 2672 patria
347 2593 467 2653 caritate
480 2591 591 2670 dilexit,
608 2593 726 2653 alterins
741 2593 818 2651 vitiis
837 2590 977 2651 infensus.
999 2588 1072 2648 Nam

3 2721 5 2740 2
67 2677 181 2738 Drusus
195 2675 326 2737 lluxioris
347 2675 580 2754 remissiorisque
600 2677 676 2738 vitae
691 2683 763 2735 erat.
795 2675 946 2754 ltaquene
959 2682 1071 2734 mortno

3 2743 6 2858 j
34 2773 60 2816 ao
71 2759 188 2842 quidem
209 2759 330 2839 perinde
346 2759 478 2822 adiectus
494 2769 549 2838 est,
565 2759 617 2820 sed
634 2768 741 2820 tantum
755 2775 814 2820 non
828 2760 922 2820 statim
938 2777 955 2818 a
971 2758 1072 2818 iuuere

3 2885 5 2890 -
69 2845 107 2908 ad
134 2845 321 2922 negotiorum
349 2843 585 2905 consuetudinem
612 2842 714 2920 rediit,
742 2843 850 2904 iustitio
872 2840 1009 2920 longiore
1030 2843 1072 2901 in·

68 2927 173 2990 hilrito.
208 2929 283 3004 Quin
305 2937 335 2988 et
354 2927 501 2989 Iliensium
516 2927 621 3008 legatis
635 2926 722 3008 paulo
737 2929 830 2988 serius
847 2924 1073 3001 consolantibus,

70 3011 335 3092 quasiobliteratu
359 3013 416 3073 iam
443 3012 553 3072 doloris
574 3013 726 3089 memoria,
754 3011 878 3071 irridens
900 3028 935 3070 ec
955 3025 1075 3089 quoquc

68 3094 224 3177 respondit
240 3097 336 3158 ciuem
356 3115 460 3159 corum
477 3095 598 3174 dolere,
620 3095 704 3176 qood
720 3096 874 3177 euprepium
896 3094 990 3156 moero
1011 3089 1072 3152 Hc·

2 3184 5 3277 l
36 3187 189 3260 tumorem
208 3177 394 3242 omisissent.
428 3181 597 3243 Germanico
618 3198 710 3259 nsque
734 3179 807 3242 adeo
830 3178 1018 3252 obtrectavit,
1044 3181 1075 3232 ut

69 3275 100 3326 et
126 3264 281 3344 praeclara
306 3266 383 3326 faeta
406 3267 467 3326 eius
487 3284 541 3344 pro
565 3265 753 3342 supervacuis
773 3263 896 3324 eleuarit
916 3270 944 3321 et
965 3259 1073 3336 glorio·

2 3365 11 3455 p
70 3350 203 3410 sissimus
232 3351 370 3411 victorias
397 3368 451 3409 ceu
480 3349 631 3410 damnosas
658 3350 702 3409 rei
723 3367 753 3428 p.
774 3350 950 3426 increparet.
990 3337 1075 3416 Quod

11 3446 16 3463 ¹
70 3452 145 3495 vero
169 3431 383 3495 Alexandream
402 3442 524 3514 propter
544 3433 708 3492 immensam
729 3441 758 3492 et
777 3429 956 3510 repentinam
970 3426 1076 3487 famem
