2408 3870
224 294 306 341 LXVI
566 289 771 336 PRAEFATIO.

227 458 304 506 torae
327 466 378 521 pro
394 450 496 522 duplici
533 443 665 521 ositae⁵⁰)
682 463 768 517 pauca
789 446 924 510 iuveniet;
949 452 1046 502 contra
1070 463 1137 501 sae-

226 534 340 605 pissime
355 535 477 602 Antonii,
495 466 616 586 uirttostr't
633 539 685 585 etc.
706 529 733 582 et
753 529 798 583 vel
816 531 931 583 obticere
947 535 975 584 et
990 531 1136 584 srrtticr'om

226 622 359 690 scriptum
387 623 415 671 et
440 616 474 671 de
497 615 614 684 singulis
637 611 780 670 vocabulis
802 607 1048 685 adolescentes⁵¹),
1073 617 1135 683 cpi-

223 702 307 770 stolu,
338 713 427 769 pene,
457 705 576 762 tentare,
608 697 785 759 cortoionari,
809 703 942 766 quatuor,
971 696 1135 764 vendicavit,

224 784 382 846 Brundusi,
412 798 584 854 quanquam,
612 795 749 850 unquam,
778 796 919 849 autequam
945 780 987 833 sic
1006 786 1035 832 ut
1051 780 1136 835 vides

225 867 328 938 scripta
357 864 486 920 offendet.
530 863 625 918 Omnia
657 864 726 917 haec
758 869 888 934 reputans
912 862 1004 917 codici
1037 863 1135 917 Hono-

225 950 324 1005 ehiauo
343 947 474 1004 maiorem
490 963 568 1016 quam
586 946 690 1000 saecuti
711 944 774 1000 thl
793 951 909 1000 aetatem
931 944 1058 1001 tribuere
1076 960 1133 1000 non

225 1033 348 1086 audebit.
1001 1088 1006 1094 .

285 1114 389 1168 Eodem
402 1114 489 1168 altera
506 1111 677 1183 quaestionis
691 1127 766 1182 pars,
783 1128 864 1182 quam
883 1112 1134 1183 taohygraphioam

225 1197 294 1265 dixi,
312 1203 441 1269 spectare
459 1197 579 1253 videtur.
624 1193 818 1250 Henochianus
834 1195 916 1264 liber,
936 1197 960 1250 si
978 1201 1056 1251 recte
1071 1203 1133 1251 sta-

226 1280 324 1334 tuimus
339 1281 501 1334 Leidensem
516 1284 544 1332 et
560 1277 712 1334 Gudianum
733 1279 857 1333 codicem
879 1279 934 1334 duo
959 1279 1039 1349 quasi
1061 1295 1133 1350 apo-

223 1365 328 1434 grapha
345 1363 405 1416 eius
422 1380 494 1430 esse,
510 1361 671 1416 necessario
689 1360 762 1415 omni
777 1377 883 1431 genere
899 1361 1131 1432 compendiorum

224 1453 251 1499 et
267 1445 400 1514 sigtorum
416 1447 536 1501 refertus
550 1445 617 1513 tuit,
635 1459 751 1514 quorum
767 1444 852 1498 lectio
870 1461 1008 1516 persaepe
1025 1445 1132 1500 diffici-

223 1529 257 1582 tis
281 1535 362 1598 atque
384 1530 510 1600 ambigua
533 1534 614 1584 esset.
660 1527 765 1582 Passim
787 1527 950 1598 compendia
978 1527 1133 1598 agu'oscas,

118 1628 122 1637 ·
223 1613 323 1682 quibus
342 1614 478 1668 vocabula
502 1614 688 1677 autetiam,
710 1609 762 1664 hoc
783 1617 811 1664 et
834 1610 918 1680 aare,
944 1611 1012 1666 nata
1033 1617 1061 1666 et
1079 1613 1131 1680 nit,

223 1696 431 1751 terminationes
451 1699 478 1750 in
500 1695 633 1766 perfectis
649 1699 730 1748 orant
750 1697 778 1748 et
799 1708 846 1748 ere
867 1701 895 1748 et
917 1694 1019 1750 similia
1041 1711 1131 1764 aegre

223 1779 469 1848 distinguerentur.
495 1780 524 1832 ln
540 1779 659 1849 singulis
675 1776 819 1832 vocabulis
835 1776 888 1832 tria
908 1779 1035 1848 exempla
1051 1793 1132 1848 pono

223 1863 333 1917 inventa
355 1863 461 1942 pagina
480 1867 529 1920 271
555 1862 704 1956 dimidiatp.
748 1861 838 1916 Versu
864 1861 936 1915 enim
959 1868 993 1921 18
1016 1877 1067 1932 pro
1093 1871 1131 1918 eo

224 1945 297 2014 quod
312 1953 355 2000 est
370 1939 473 1999 tnnttrm
485 1951 539 1999 nort
553 1945 624 2000 altor
637 1945 728 2000 scrrha
746 1951 835 2000 tamen
849 1961 918 2008 aon,
936 1946 1008 2000 aiter
1023 1949 1131 1998 tuntum

222 2028 300 2081 modo
313 2029 404 2094 dedit;
421 2046 504 2084 versu
520 2035 552 2088 ‘tt
568 2029 705 2098 quoddam
721 2027 911 2098 compendium
926 2028 975 2082 ilie
985 2043 1131 2098 persona-
1179 2063 1184 2086 ι

222 2113 281 2176 lem,
301 2112 347 2165 lna
362 2114 552 2180 proconsulem
570 2111 736 2182 explicavit3
752 2127 836 2167 versu
851 2117 883 2170 31
902 2112 950 2166 ilie
969 2113 996 2165 ia
1011 2113 1129 2182 ispeurn,

222 2195 268 2252 iric
282 2196 311 2248 ia
323 2201 468 2263 conspectu
488 2194 629 2250 invenisse
646 2195 700 2250 sibi
716 2196 792 2250 visus
815 2201 865 2248 est·
910 2196 947 2250 At
962 2211 1031 2250 vero
1052 2195 1130 2250 haud

222 2281 282 2332 scio
306 2293 338 2332 an
357 2277 499 2350 quisquam
515 2279 557 2333 rei
574 2278 679 2348 peritus
694 2295 782 2348 genus
799 2278 956 2348 scripturae
979 2286 1032 2332 tam
1049 2293 1127 2334 oom-
1143 2295 1188 2332 «τ’

220 2361 393 2432 pendiarium
405 2361 544 2432 antiquius
563 2361 675 2416 saeculo
690 2361 753 2416 ΧΙΙΙ
769 2360 912 2416 habiturus
930 2361 975 2415 sit.

284 2443 459 2510 Quarundam
472 2445 661 2501 diversitatum
677 2462 727 2516 per
742 2444 855 2500 codices
870 2444 1043 2500 inventarum
1059 2460 1129 2500 cau-

221 2545 267 2583 sas
290 2528 317 2582 in
338 2529 401 2599 ipso
417 2530 595 2584 Henochiano
618 2527 690 2583 tibro
713 2527 883 2598 quaerendas
905 2543 968 2581 esse
990 2534 1073 2598 puto;
1097 2529 1130 2584 tit

222 2611 293 2664 euim
317 2617 515 2682 nonnumquam
531 2618 583 2667 tam
604 2612 632 2665 in
647 2610 775 2666 Leidensi
795 2625 875 2678 quam
891 2608 1016 2667 Gudiano
1038 2611 1127 2680 libro,

222 2699 250 2746 ut
265 2694 335 2748 duae
353 2694 489 2749 lectiones
507 2695 595 2750 attera
611 2711 694 2766 supra
711 2695 825 2748 alteram
842 2693 964 2763 scriptae
980 2694 1045 2750 sint.
1076 2695 1127 2751 Sic

222 2794 248 2847 p.
269 2781 337 2845 261,
359 2781 391 2834 21
407 2777 433 2830 in
453 2785 570 2848 utroque
589 2791 742 2832 rnormorco
758 2774 863 2846 iegitur
879 2791 962 2848 supra
979 2777 1126 2848 posterius

221 2859 345 2934 olittera
366 2876 383 2913 a
407 2861 513 2923 addita;
537 2879 563 2932 p.
581 2866 649 2929 264,
673 2866 707 2918 33
729 2859 778 2913 itta
795 2859 932 2914 Cotelinnc
944 2877 964 2915 a
978 2861 1152 2934 imposito„

222 2941 267 2997 hic
285 2942 424 2998 Catulinae
446 2944 608 3015 impositor·
632 2941 766 3005 ostendit:
787 2959 813 3013 p.
830 2947 898 3012 269,
925 2950 959 3002 33
986 2943 1035 3000 ἰΙΙο
1062 2958 1124 2998 ras-

221 3027 319 3096 coan'ti
337 3035 401 3081 stent
420 3028 513 3082 deteto
531 3033 619 3081 tamen
635 3025 729 3096 priore
745 3038 772 3088 s,
792 3025 839 3079 hic
859 3028 991 3097 recoqnttr'
1008 3018 1073 3082 dunt
1095 3034 1125 3082 et

219 3143 420 3154 ——..-—-—-

221 3187 310 3272 cedant
336 3196 419 3238 tamen
446 3188 540 3238 Graeca
565 3189 696 3246 neruosa,
726 3186 910 3248 paraphrasis,
941 3187 1032 3247 tiresia,
1062 3204 1124 3252 spn-

220 3255 335 3387 mmtid)
345 3324 401 3410 cfr.
420 3339 497 3388 supra
508 3339 532 3388 p.
548 3323 625 3372 va.
659 3323 732 3372 Adde
743 3271 834 3384 Senti,
853 3321 956 3384 Spoleti,
969 3322 1124 3385 Mediolani,

219 3393 428 3524 mediizdemel
437 3459 633 3510 adulescentibus
642 3461 826 3524 etneqtepentr'u
835 3457 971 3509 invenitur.
991 3459 1065 3509 Adde
1075 3477 1121 3509 aa*

219 3533 300 3596 apos
319 3544 344 3594 p.
358 3527 421 3589 263,
440 3528 482 3579 29.
526 3587 538 3603 Ι
