2438 3872
122 155 184 218 248
201 169 229 218 c.
246 169 396 218 susaour
413 169 540 232 ranna.
557 171 604 220 nn
619 172 702 221 vms
725 171 909 220 cassanum
922 172 992 220 nra.
1007 172 1086 219 vnn.

121 332 263 402 nataeque
285 325 434 385 saevitiae.
466 326 608 388 Acterem
631 343 801 387 summarum
824 328 916 407 pridie
937 345 1023 405 quam
1039 327 1124 388 cruci
1211 363 1213 368 .

121 409 226 484 figeret
246 409 275 466 in
296 408 456 470 cubiculum
478 413 613 488 vocavit,
637 409 767 470 assidere
786 412 815 470 in
830 419 895 470 toro
910 411 988 470 iuxta
1007 413 1123 488 coegit,

122 511 255 552 securum
270 492 449 572 hilaremque
468 493 588 572 dimisit,
612 493 740 576 partibus
758 496 844 554 etiam
859 493 895 554 de
912 511 1001 578 caena
1019 493 1123 571 digna·

122 585 167 636 tus
182 585 235 636 est.
258 575 429 637 Arrecinum
444 577 622 659 Clementem
638 576 837 656 consularem,
848 595 933 638 unum
945 597 961 637 e
973 577 1123 638 familiari·

122 659 175 718 bus
195 669 224 718 et
240 662 397 720 emissariis
413 663 486 739 suis,
507 663 610 740 eapitis
627 661 882 739 condemnaturus,
909 664 936 721 in
951 660 1053 723 eadem
1070 660 1152 722 vela

122 744 207 803 etiam
223 746 332 804 maiore
347 747 441 820 gratia
455 745 568 820 habuit,
586 744 680 825 quoad
698 747 856 807 novissime
879 745 962 806 simul
978 748 1123 822 gestanti,
1137 765 1167 818 -J
1187 768 1210 817 α’

123 837 283 905 conspecto
300 827 432 890 delatore
448 831 525 907 eius,
540 827 597 910 Vis
611 831 703 908 inquit
721 829 802 892 hunc
821 823 1122 910 sequestratam-

121 928 191 971 unnt
207 929 281 972 erus
300 911 486 973 audiamus?
558 957 561 963 ι
607 961 610 966 .

121 1097 206 1158 quam
222 1081 378 1141 tristiorem
397 1084 566 1142 sententiam
582 1083 644 1141 sine
660 1081 841 1160 praefatione
862 1082 1033 1143 clementiae
1049 1097 1163 1159 pro-10

121 1165 275 1240 nuntiavit,
291 1173 320 1225 ut
335 1183 393 1224 non
408 1164 483 1226 aliud
498 1167 552 1225 iam
566 1167 672 1225 certius
687 1169 794 1225 atrocis
805 1167 898 1226 exitus
913 1167 1026 1242 siguum
1038 1172 1124 1224 esset

122 1265 205 1326 quam
228 1248 363 1327 principii
383 1247 496 1310 leuitas.
528 1249 674 1324 Quosdam
694 1249 851 1310 maiestatis
872 1267 941 1310 reos
963 1249 1139 1307 incuriam·

119 1331 287 1408 induxerat,
317 1339 346 1390 et
376 1350 438 1392 oum
465 1333 675 1412 praedixisset,
703 1339 902 1413 experturum
925 1350 960 1392 se
985 1331 1042 1392 illo
1066 1330 1123 1390 die
1211 1341 1213 1348 ’

121 1433 213 1495 qnam
230 1431 326 1476 corna
341 1417 464 1476 senatui
481 1424 576 1494 esset,
593 1416 681 1478 facile
696 1418 867 1496 perfecerat
882 1425 913 1476 ut
928 1417 1014 1476 etiam
1034 1432 1121 1476 more

120 1501 257 1560 maiorum
269 1500 403 1578 puniendi
416 1501 692 1571 condemnarentur;
712 1501 816 1562 deiude
832 1502 984 1560 atrocitate
1001 1503 1163 1578 poenae1⁵
1212 1543 1213 1560 a

121 1587 310 1660 conterritus,
336 1584 371 1644 ad
395 1585 556 1645 leniendam
577 1583 728 1660 invidiam,
749 1586 915 1644 intercessit
935 1583 981 1643 his
1000 1582 1120 1643 verbis:

121 1671 232 1748 (neque
247 1670 322 1728 enirn
336 1667 372 1730 ab
385 1686 417 1728 re
440 1669 525 1730 luerit
545 1670 608 1748 ipsa
633 1668 831 1746 cognoscere)
852 1667 1035 1743 Permittite,
1054 1684 1120 1745 pa·

120 1759 183 1814 tres
199 1753 382 1831 conscripti,
403 1755 553 1831 optetcte
567 1752 865 1844 eesnavtmpenmt,
882 1751 968 1832 quod
982 1753 1047 1812 seio
1068 1769 1123 1810 me

103 1835 287 1916 ¹difficulter
303 1837 554 1916 impetratorum,
575 1843 610 1898 nt
626 1837 781 1899 doannutis
797 1834 926 1898 liberant
940 1835 1047 1896 mortis
1062 1851 1122 1895 ar·
1212 1865 1213 1870 κ

120 1919 243 1981 bitrinna
270 1921 577 2001 indnlpentis;-num
602 1927 632 1981 et
655 1920 797 1999 pareatis
824 1919 924 1981 oeulis
948 1919 1061 1980 cestris
1093 1926 1162 1980 etna

118 2004 350 2084 intellepcntme
364 2023 468 2066 oannes
484 2006 605 2066 senatui
619 2003 806 2083 interfuisse.
895 2019 897 2022 ·
1212 2059 1213 2064 ,

75 2104 111 2158 12
181 2089 346 2149 Exhaustus
371 2107 491 2168 operum
514 2107 549 2151 ac
569 2107 718 2150 munerum
738 2088 876 2168 impensis
900 2086 1123 2166 stipendioque,
1211 2157 1212 2160 Ἴ

119 2171 196 2251 quod
212 2172 373 2249 adiecerat,
398 2175 549 2252 temptavit
564 2172 678 2253 quidem
700 2171 736 2234 ad
756 2169 932 2234 relevandos
950 2177 1123 2232 castrenses
1212 2185 1213 2188 ’

48 2325 52 2332 .
118 2265 260 2335 sumptus,
279 2265 425 2318 numerum
440 2257 754 2327 militumdeminuere;
771 2256 824 2318 sed
842 2273 905 2317 oum
916 2263 944 2314 et
960 2254 1123 2314 obnoxium
1212 2269 1213 2272 ’

118 2359 150 2400 se
177 2339 307 2401 barbaris
334 2360 388 2420 per
413 2342 470 2403 hoo
496 2341 753 2418 anim-adverteret,
781 2359 877 2420 neque
904 2353 940 2400 eo
970 2339 1060 2398 setius
1087 2340 1161 2398 inas

118 2425 300 2507 explicandis
316 2425 453 2486 oneribus
468 2425 618 2504 haereret,
639 2423 709 2486 nihil
731 2427 815 2505 pensi
829 2424 928 2484 hahuit
946 2424 1014 2502 quin
1030 2439 1121 2502 prae·

57 2567 79 2593 „,
117 2509 232 2570 daretur
247 2512 322 2571 omni
338 2510 434 2570 modo.
464 2509 544 2570 Bona
562 2511 692 2573 rivorum
711 2529 746 2569 ac
761 2517 938 2570 mertuorum
952 2523 1120 2586 usquequa·
1212 2529 1213 2586 }

118 2613 174 2674 que
191 2593 322 2673 quolibet
338 2604 366 2656 et
382 2603 554 2656 accusatore
576 2603 605 2653 et
627 2595 744 2672 crimine
766 2591 1007 2671 corripiebantur.
1037 2589 1122 2650 Satis
1171 2646 1174 2648 ,

118 2686 194 2756 erat,
213 2677 290 2739 obici
305 2680 516 2757 qualecumque
538 2677 643 2738 iactum
665 2677 807 2736 dictumve
824 2675 964 2735 adversus
982 2675 1118 2733 maiesta-

116 2772 173 2822 tem
196 2763 342 2842 prinoipis.
388 2761 628 2823 confiscabantur
649 2760 843 2820 alienissimae
864 2757 1042 2820 hereditates
1065 2757 1156 2819 velao

116 2863 172 2905 uno
189 2847 350 2922 existente,
376 2848 423 2925 qui
440 2845 553 2907 diceret
573 2845 688 2906 audisse
713 2861 747 2904 se
767 2861 804 2904 ex
820 2843 1058 2919 deiunct0,.cum
1075 2842 1117 2899 vi·
1211 2849 1213 2851 ’

115 2937 215 3005 neret,
237 2928 376 2990 heredem
396 2929 449 2988 sibi
466 2927 621 2990 Gaesarem
642 2947 718 2988 esse.
752 2927 872 2988 Praeter
888 2935 1005 2998 ceteros
1020 2923 1117 3004 ludai-

117 3029 167 3073 cus
183 3014 270 3072 hsous
286 3014 473 3074 acerbissime
491 3021 571 3074 actus
589 3022 647 3080 est:
667 3012 702 3071 ad
723 3027 807 3094 quem
821 3009 1042 3086 deferebantur,
1065 3009 1118 3086 qui

114 3096 163 3157 vel
181 3097 337 3174 inprofessi
353 3097 496 3158 Iudaicam
509 3098 641 3156 viverent
658 3098 760 3170 altam,
783 3094 831 3154 vel
853 3093 1028 3166 dissimulata
1046 3093 1116 3170 ,eri-

115 3183 183 3258 gine
201 3182 334 3258 imposita
350 3183 431 3258 genti
445 3181 550 3241 tributa
567 3196 625 3239 non
640 3178 856 3258 pependissent.
883 3175 1055 3253 luteriuisse
1067 3194 1115 3236 me
1125 3197 1153 3240 as

114 3263 362 3324 adulescentulum
376 3266 505 3342 memini,
526 3282 589 3324 cum
613 3281 628 3324 a
650 3270 841 3342 procuratore
864 3256 1114 3338 frequentissimo·

116 3364 173 3424 que
191 3347 315 3408 consilio
330 3349 524 3426 inspiceretur
539 3348 752 3424 nonagenarius
769 3361 876 3421 senex,
897 3362 932 3403 au
957 3344 1114 3415 circumse-

117 3439 180 3486 ctus
196 3439 284 3490 esset.
983 3455 989 3466 -·
