2438 3872
40 239 47 250 -
132 205 197 266 194
220 215 250 265 o.
264 215 415 267 suuuouu
431 219 558 311 uqsue
577 219 624 268 ou
641 220 722 266 vrrs
743 218 926 268 cnusnuou
942 221 1011 269 cm.
1024 221 1071 270 vr.

131 373 263 454 quentia,
277 373 476 454 vixrepertae
489 371 626 453 Capitolii
640 375 749 436 clares.
781 372 852 435 Cum
864 375 902 436 ex
914 377 1045 436 oratione
1057 376 1130 455 eius,

134 475 192 537 qua
204 459 234 518 iu
245 456 399 519 Vindicem
411 458 577 537 perorabat,
588 460 760 520 recitaretur
770 458 798 518 in
808 467 919 537 senatu,
932 458 1051 520 daturos
1060 476 1131 538 poe·

131 557 186 602 nas
198 541 362 603 sceleratos
375 561 411 602 ae
423 542 505 602 brevi
518 541 634 620 dignum
646 543 752 602 exitum
764 542 904 620 facturos,
923 543 1130 606 conclamatum

133 635 179 686 est
204 625 240 686 ab
259 627 421 688 universis:
451 625 495 686 Tu
512 625 632 706 facies,
655 623 811 705 Auguste!
842 625 1033 688 Observatum
1045 629 1131 690 etiam

132 709 243 787 luerat,
256 712 442 772 novissimam
454 709 581 770 labrdam
593 719 727 771 cantasse
740 727 804 770 eum
815 710 933 790 publice
950 709 1155 790 Oedipodem5

134 794 251 854 exulem
263 803 349 874 atque
364 796 394 855 in
404 794 462 854 hoc
474 793 589 855 desisse
599 812 703 856 versu:

41 929 58 950 ,
232 879 358 939 Θανεῐν
379 867 409 958 μ’
429 867 539 958 ἄνωγε
560 869 747 958 σύγγαμος,
770 869 895 959 μήτηρ,
919 870 1037 960 πατήρ.

43 972 54 986 ’
88 968 125 1024 47
151 979 153 984 ’
197 961 332 1022 Nuntiata
345 963 458 1023 interim
476 963 561 1022 etiam
580 971 744 1022 ceterorum
759 964 936 1024 exercituum
952 963 1132 1040 deiectione,

133 1047 246 1108 litteras
259 1046 409 1125 prandenti
421 1046 476 1107 sibi
490 1046 618 1106 redditas
637 1047 815 1125 concerpsit,
837 1063 965 1112 mensam
980 1046 1131 1124 subvertit,

133 1131 208 1191 duos
220 1131 350 1210 scyphos
362 1131 518 1208 gratissimi
530 1147 607 1207 usus,
621 1148 694 1208 quos
704 1129 857 1190 Homerios
870 1148 886 1190 a
904 1129 1051 1191 caelatura
1068 1148 1129 1190 car-
1142 1145 1168 1187 uo

132 1216 238 1275 minum
249 1214 369 1274 Homeri
380 1212 521 1291 vocabat,
537 1213 602 1273 solo
613 1215 715 1291 inlisit,
734 1231 769 1274 ac
785 1223 899 1294 sumpto
919 1213 1070 1275 shuousta
1082 1232 1132 1274 re·

132 1314 211 1366 neno
226 1299 295 1356 etin
308 1315 423 1358 auream
443 1297 580 1376 pyxidem
598 1297 727 1374 *conditu
746 1299 859 1358 transiit
875 1299 904 1358 in
919 1299 1023 1360 hortos
1034 1299 1132 1358 Servi·

133 1381 238 1458 liunus,
250 1381 308 1458 ubi,
321 1382 489 1461 praemissis
500 1380 670 1442 libertorum
682 1380 827 1442 fidissimis
840 1379 949 1442 Ostiam
961 1381 997 1442 ad
1008 1383 1134 1442 classem

134 1464 374 1545 praeparandam,
386 1463 517 1524 tribunos
531 1465 773 1544 centurionesque
787 1467 924 1543 praetorii
937 1465 973 1525 de
984 1467 1072 1544 fugae
1085 1482 1133 1524 so·

134 1551 240 1609 cietate
250 1551 410 1628 temptavit.
419 1548 501 1618 JScd
512 1549 617 1630 partim
627 1548 898 1626 tergiversantibus,
916 1552 1018 1628 partim
1030 1557 1134 1628 aperte
1145 1566 1170 1606 15

13 1665 70 1703 ,W
119 1632 443 1715 ,detrectantibus,'uno
456 1651 529 1693 vero
548 1635 635 1692 etiam
651 1633 869 1712 proclamante:
893 1631 995 1712 Usque
1014 1633 1135 1694 adeone

13 1725 49 1786 ,uri
61 1703 109 1762 dt*
122 1705 215 1778 'more'
229 1717 375 1778 miseram
389 1719 457 1778 eet?
473 1717 555 1784 varie
567 1717 697 1793 agitavit,
708 1715 870 1777 Parthosne
882 1735 918 1776 an
936 1717 1055 1778 Galbam
1065 1734 1132 1795 sup-

135 1801 207 1882 plex
219 1810 343 1881 peteret,
353 1820 393 1862 an
408 1809 516 1861 atratus
535 1799 665 1879 prodiret
680 1801 708 1858 in
725 1799 873 1880 publicum
892 1818 1005 1880 proque
1027 1801 1133 1861 rostris
1171 1833 1173 1836 -

136 1893 240 1964 quanta
252 1886 373 1944 maxima
386 1892 488 1963 posset
499 1885 686 1946 miseratione
699 1886 811 1944 veniam
825 1887 1047 1963 praeteritorum
1066 1902 1133 1963 pre·

135 1977 261 2044 careum,
275 1987 310 2028 ec
324 1971 352 2027 ui
365 1968 497 2029 desisset
508 1969 629 2044 ammos,
639 1966 687 2026 v'el
698 1964 828 2047 Aegypti
839 1968 1051 2047 praefecturam
1063 1985 1133 2027 con·
1143 1983 1172 2024 eo

136 2050 201 2111 cedi
217 2051 272 2110 sibi
291 2061 399 2112 oraret.
430 2051 567 2112 Inventus
585 2060 630 2110 est
648 2060 751 2129 postea
771 2053 799 2109 in
818 2052 925 2111 scrinio
942 2055 1003 2112 eius
1020 2052 1077 2112 hae
1095 2050 1133 2111 de

135 2152 167 2195 re
180 2151 277 2194 sermo
295 2134 450 2204 formatum
471 2133 524 2195 sed
541 2133 707 2194 deterritum
728 2144 836 2214 putant,
851 2153 888 2195 ne
905 2136 984 2214 prius
1002 2153 1085 2214 quam
1104 2136 1134 2194 in
1204 2197 1206 2206 ‚

33 2215 53 2249 ³
135 2219 651 2298 iorumperveniret'discerperetur,
1190 2222 1206 2286 '2

199 2303 248 2364 Sic
260 2301 438 2380 cogitatione
456 2304 650 2383 inposterum
669 2301 743 2362 diem
764 2302 858 2382 dilata,
877 2302 912 2363 ad
928 2302 1050 2364 mediam
1068 2301 1135 2362 iere
1205 2331 1206 2334 ¹

134 2397 251 2447 noctem
270 2390 427 2464 excitatus,
444 2397 475 2448 ut
497 2389 638 2466 comperit
656 2387 807 2448 stationem
823 2385 941 2446 militum
960 2387 1134 2462 recessisse,
1145 2407 1173 2446 sc

133 2471 270 2553 prosiluit
283 2489 299 2530 e
311 2471 390 2532 lecto
403 2474 535 2550 misitque
549 2473 657 2530 circum
673 2471 793 2547 amicos,
806 2479 836 2529 et
854 2471 920 2548 quia
938 2469 1006 2530 nihil
1025 2487 1042 2530 a
1062 2487 1135 2550 quo-

124 2575 221 2636 quam
232 2555 460 2632 renuntiabatur,
474 2557 540 2634 ipse
549 2573 612 2614 cum
620 2555 721 2633 paucis
729 2551 860 2633 hospitia
868 2553 1045 2630 singulorum
1055 2552 1134 2614 adiit.

135 2641 245 2702 Verum
258 2639 365 2700 clausis
378 2642 501 2700 omnium
515 2638 638 2714 ionibus,
652 2637 849 2717 respondente
866 2637 956 2715 nullo,
969 2638 997 2696 in
1016 2637 1134 2697 cubicu·
1204 2663 1206 2668 ·

134 2723 193 2782 lum
204 2721 298 2799 rediit,
310 2723 386 2782 unde
397 2727 453 2784 iam
461 2719 822 2798 etcustodesdiliugerant,
834 2721 954 2800 direptis
964 2721 1048 2782 etiam
1061 2730 1134 2781 stra-

136 2804 224 2884 gulis,
237 2815 332 2866 amota
345 2815 373 2867 et
385 2807 492 2885 pyxide
505 2808 623 2875 veneni;
642 2823 677 2864 ac
696 2807 791 2865 statim
809 2805 956 2884 Spiculum
975 2805 1134 2880 myrmillo·
1146 2824 1176 2866 ce

135 2907 202 2948 nem
219 2888 267 2947 vel
288 2890 445 2968 quemlibet
457 2890 541 2950 alium
561 2891 783 2969 percussorem,
811 2889 891 2947 cuius
909 2907 993 2949 manu
1012 2890 1134 2968 periret,

136 2973 277 3051 requisiit,
290 2983 319 3033 et
333 2976 447 3034 nemine
458 2982 595 3052 reperto,
615 2969 701 3051 Ergo
717 2991 788 3052 epo,
808 2973 913 3050 inquit,
931 2992 988 3034 neo
1002 2973 1136 3039 amicum

137 3056 236 3118 tocco
254 3074 312 3116 uec
325 3056 500 3118 inimicum?
515 3059 735 3136 procurritque,
753 3058 833 3136 quasi
846 3057 1090 3136 praecipitaturus
1102 3074 1135 3116 se

63 3196 67 3205 .
94 3147 130 3203 48
137 3142 165 3200 in
177 3140 313 3202 l'iberim,
348 3140 406 3200 Sed
424 3150 563 3200 revocato
582 3159 680 3200 rursus
700 3143 823 3219 impetu,
838 3140 945 3220 aliquid
958 3142 1135 3204 ‘secretioris

136 3225 267 3285 latebrae
280 3224 315 3286 ad
328 3224 524 3301 colligendum
535 3227 656 3284 animum
669 3224 854 3304 desideravit,
868 3234 897 3284 et
909 3225 1052 3291 offerente
1061 3223 1133 3288 Pha·
1146 3248 1178 3291 ec

120 3311 122 3313 ’
138 3317 204 3368 onte
214 3307 321 3369 liberto
333 3306 529 3368 suburbanum
540 3327 620 3368 suum
637 3308 711 3368 inter
725 3309 864 3370 Salariam
883 3318 912 3371 et
922 3307 1135 3372 Nomentanam

137 3393 211 3453 riam
225 3393 303 3471 circe
317 3399 449 3472 quartum
460 3392 619 3470 miliarium,
632 3400 662 3450 ut
673 3403 736 3452 erat
747 3393 823 3453 nudo
833 3392 914 3472 pede
926 3395 1134 3472 etquetunica·

135 3482 190 3552 tus,
203 3473 355 3554 paenulam
369 3474 494 3539 obsoleti
507 3474 616 3536 celcris
628 3475 815 3561 superinduit,
826 3475 1028 3556 adopertoque
1040 3477 1137 3556 eapite
