2444 3872
129 218 172 282 96
215 228 245 278 ο.
259 227 408 278 suurouu
425 226 553 287 renuo.
568 227 616 275 nu
628 195 712 276 vrrs
725 225 909 276 cmsuuuu
924 224 992 275 urs.
1005 223 1056 271 111.

130 401 282 466 numquam
305 382 488 443 remissiores
510 382 721 464 hilarioresque
743 401 896 445 sermones
916 379 1140 462 superveniente

132 489 171 532 eo
188 469 390 549 abrumperem
409 467 461 527 sed
476 477 673 548 expugnatum
690 467 828 547 precibus
843 468 943 528 uxoris
956 465 1141 546 adoptionem
1209 471 1210 474 ’

135 574 194 616 non
209 553 357 629 abnuisse,
371 551 517 612 ueletiam
533 552 689 612 ambitione
706 561 839 630 tractum,
856 560 886 613 ut
901 551 952 612 tali
966 565 1141 610 successore

135 637 359 700 desiderabilior
382 637 447 717 ipse
470 637 644 716 quaudoque
661 639 754 698 lieret.
788 636 903 698 Adduci
918 646 1013 696 tamen
1028 649 1140 715 nequeo

134 725 204 803 quin
220 725 396 799 existimem,
414 721 738 802 circumspectissimum
753 732 782 782 et
798 720 1049 802 prudentissimum
1066 719 1164 798 prin-s

135 811 247 889 eipem,
261 809 290 868 in
304 813 384 867 tauto
399 807 571 884 praesertim
586 808 724 886 negotio,
741 807 810 868 nibil
826 814 936 866 temere
949 805 1073 874 iecisse;
1090 801 1142 865 sed

134 894 213 953 vitiis
229 892 338 953 Tiberii
360 889 573 970 virtutibusque
595 893 750 973 perpensis
770 893 907 971 potiores
922 889 1040 950 duxisse
1055 887 1142 948 virtu·

132 986 196 1055 tes,
220 976 391 1056 praesertim
415 991 478 1034 cum
500 979 594 1037 atrei
617 995 646 1057 p.
669 995 756 1037 causa
784 975 925 1055 adoptare
950 991 982 1034 se
1004 989 1142 1053 cumpro
1209 1033 1210 1058 ,

135 1062 274 1122 contione
299 1059 451 1134 iuraverit,
481 1069 509 1118 et
538 1061 672 1138 epistolis
693 1061 803 1140 aliquot
826 1068 856 1120 ut
877 1059 1080 1140 peritissimum
1099 1058 1143 1117 rei
1175 1107 1181 1110 .
1208 1075 1210 1088 ¹

133 1145 265 1206 militaris
290 1153 379 1222 utque
404 1145 518 1201 cuicum
541 1145 572 1204 P.
594 1147 630 1206 R.
657 1145 832 1226 praesidium
859 1151 1063 1226 prosequatur.
1095 1139 1177 1202 llum

136 1230 240 1308 quibus
256 1229 285 1288 iu
301 1225 465 1306 exemplum
480 1245 574 1305 pauca
589 1229 736 1290 hincinde
753 1229 874 1290 subieci.

200 1311 292 1390 Vale,
309 1309 530 1373 iucundissime
548 1312 667 1390 Tiberi,
691 1322 719 1375 et
731 1313 866 1393 feliciter
880 1331 945 1374 reru
959 1330 1050 1393 pere,
1072 1303 1144 1392 ἐμοὶ

22 1392 112 1450 ..'..·...
135 1391 191 1458 uui
217 1395 397 1478 uuistuom
420 1414 474 1456 ιοα
494 1416 600 1460 οαιοτε
622 1395 826 1480 στρατηγῶν.
865 1396 1092 1458 iucundissime
1116 1403 1147 1458 ei
1208 1395 1210 1428 ῗ

43 1473 49 1490 ’
132 1481 181 1544 itu
195 1483 253 1542 cirn
266 1480 363 1560 felic,
380 1480 429 1540 uir
441 1478 611 1558 fortissime
625 1491 654 1544 et
668 1483 733 1544 duc
747 1474 971 1563 νομιμώτατε,
986 1482 1066 1542 cele.

200 1563 346 1628 Ordinem
363 1565 551 1626 aestiuorum
565 1570 707 1630 tuorum!
727 1567 795 1648 Epo
813 1585 905 1644 uero,
920 1567 963 1627 mi
981 1565 1099 1642 Tiberi,
1116 1572 1180 1627 eru
1208 1587 1210 1668 q

134 1650 214 1712 inter
243 1657 287 1713 tot
311 1669 418 1712 rerunt
444 1649 645 1728 difficultates
671 1645 727 1714 uui
753 1644 922 1731 τοσαύτην
948 1640 1146 1730 ἆνοθνμίαν
1209 1675 1210 1692 ι

134 1732 202 1794 τῶν
223 1730 502 1816 στρατευομένων
523 1755 586 1798 nou
601 1737 742 1816 potuisse
762 1754 945 1817 quemquam
961 1735 1147 1815 prudentius

133 1839 291 1899 perurere
305 1838 397 1901 quum
411 1827 443 1880 tu
456 1822 612 1901 perceris,
629 1823 780 1883 existimo.
809 1820 844 1898 Ii¹
854 1839 975 1902 quoque
985 1821 1038 1900 qui
1049 1826 1146 1880 tecum

130 1903 260 1984 fuerunt
277 1923 380 1968 ornnes
395 1900 592 1984 confitentur,
609 1925 732 1983 uersum
747 1901 878 1967 illuiit'in
892 1911 921 1966 te
933 1922 1030 1984 posce
1045 1903 1125 1965 dici:
1208 1893 1210 1958 J

142 1993 143 1996 ’
309 1985 400 2050 'Unus
418 1993 498 2048 borno
517 1996 593 2051 nobes
613 1997 752 2072 upilando
771 1996 889 2052 restituit
904 2009 974 2070 rem.
1014 2063 1016 2070 y
1154 2003 1180 2043 tt

198 2073 272 2134 Siue
297 2073 373 2153 quid
395 2071 506 2135 incidit
530 2073 569 2134 de
593 2094 653 2157 quo
678 2076 720 2136 sit
740 2074 937 2154 conitendum
957 2073 1144 2154 diligentins,

35 2173 39 2180 ’
134 2158 201 2218 sice
215 2157 289 2236 quid
306 2157 485 2219 sturnucbor
500 2159 603 2237 uelde,
618 2159 737 2222 medius
751 2158 861 2220 Fidius
879 2157 1034 2220 Tiberium
1048 2175 1147 2219 meum

134 2241 296 2317 desidero,
310 2241 526 2322 succurritque
539 2261 650 2306 οονεαε
665 2246 718 2307 ille
732 2242 917 2322 Homericus

136 2388 153 2401 ,ἡ
166 2355 183 2382 ε
263 2319 378 2386 Τούτου
391 2317 416 2407 μ’
434 2323 623 2405 ἑσπομένοιο,
641 2329 692 2390 καὶ
711 2325 743 2390 ἐν
759 2319 853 2409 τορὸς
867 2325 1041 2407 αἰθομένοιο

171 2393 176 2430 ¹
254 2403 363 2488 ’Ἁμφω
378 2403 590 2492 νοστήσαιμεν,
607 2411 669 2475 ἐπεὶ
684 2412 815 2494 περίοιδε
829 2413 946 2489 νοῆσαι.
1156 2419 1181 2460 2³

199 2494 397 2558 Attenuatum
418 2503 447 2558 te
465 2516 534 2560 esee
551 2499 780 2562 continuatione
794 2497 939 2559 laborum
956 2513 1025 2558 curn
1048 2495 1146 2557 audio

134 2587 164 2640 et
185 2581 268 2660 lepo,
285 2580 319 2641 di
331 2599 380 2642 me
389 2582 528 2661 perdunt
540 2585 603 2645 nisi
616 2583 808 2646 cohorrescit
824 2599 940 2661 corpus
954 2599 1052 2664 meum
1060 2605 1077 2652 ,·
1102 2587 1156 2642 te-·
1208 2601 1210 2630 ι

135 2681 193 2742 que
213 2682 268 2725 oro
291 2672 325 2726 ut
341 2684 464 2744 parcus
486 2666 558 2745 tibi,
583 2687 620 2729 ne
633 2669 663 2729 ci
677 2677 705 2730 te
721 2669 869 2748 lunpuere
887 2665 1096 2743 audierimus,
1117 2670 1149 2725 et
1208 2657 1210 2724 l

134 2764 191 2826 epo
207 2753 346 2809 etncuter
362 2757 416 2810 tua
431 2752 608 2830 eupirernuc
623 2762 651 2814 et
666 2755 704 2814 de
720 2770 840 2813 summu
855 2750 967 2830 imperi
978 2750 1030 2810 eui
1040 2767 1145 2828 popu·

134 2831 184 2892 ins
197 2831 234 2892 lt.
249 2832 453 2911 periclitetur.
1156 2847 1182 2889 εο

173 2988 175 2993 ,
195 2915 283 2978 Nibil
296 2917 423 2980 interest
438 2919 562 2982 culeum
577 2923 647 3000 ipse
660 2939 770 2997 necne,
788 2920 818 2980 si
831 2926 862 2980 tu
878 2938 940 2980 non
953 2917 1084 2980 cuiebis'.

59 2999 64 3008 “
194 2999 280 3062 Deos
295 3001 440 3081 obsecro,
464 3011 498 3066 ut
511 3005 645 3067 tenebis
659 3011 842 3068 conseruent
855 3010 884 3064 et
898 3004 1104 3066 eulerenunc
1117 3009 1149 3062 et
1208 3035 1209 3044 ι

133 3103 255 3165 semper
266 3087 445 3166 putantur,
465 3089 495 3149 ci
507 3109 568 3152 non
583 3089 617 3152 P.
635 3090 673 3150 li.
688 3089 798 3169 perosi
810 3095 889 3149 cunt.
907 3131 911 3135 -
1206 3045 1210 3212 1

87 3157 126 3246 ,⁴²2
197 3169 360 3232 Excessum
375 3170 500 3252 Augusti
515 3194 574 3236 uon
592 3177 672 3255 prius
688 3175 782 3253 palam
798 3174 883 3252 iecit,
908 3175 993 3252 quani
1006 3170 1148 3250 Agrippa

134 3257 238 3317 iurene
259 3257 444 3338 interempto.
476 3258 559 3319 Hunc
579 3259 708 3322 tribunus
731 3258 849 3318 militum
872 3267 971 3318 custos
989 3257 1184 3336 appositurus

135 3341 256 3419 occidit,
273 3341 357 3403 lectis
376 3341 529 3421 codicillis,
548 3344 652 3424 quibus
667 3352 698 3403 ut
711 3343 739 3405 id
753 3342 866 3402 iaceret
881 3342 1034 3402 iubebatur
1040 3364 1047 3412 ;
1064 3357 1145 3421 quos

136 3425 290 3488 codicillos
307 3425 421 3487 dubium
438 3427 506 3507 luit,
529 3427 717 3506 Augustusne
731 3427 858 3487 moriens
872 3427 1059 3507 reliquisset,
1085 3443 1146 3505 quo

30 3552 82 3559 2-
134 3513 281 3570 materiam
304 3511 438 3572 tumultus
459 3522 528 3586 post
550 3531 583 3572 se
607 3511 797 3582 subduceret;
821 3529 856 3572 au
878 3513 994 3572 nominc
1015 3509 1146 3590 Augusti

1208 3221 1210 3250 l
