<?xml version="1.0" encoding="UTF-8"?>
<!DOCTYPE html PUBLIC "-//W3C//DTD XHTML 1.0 Transitional//EN"
    "http://www.w3.org/TR/xhtml1/DTD/xhtml1-transitional.dtd">
<html xmlns="http://www.w3.org/1999/xhtml" xml:lang="en" lang="en">
 <head>
  <title>
</title>
<meta http-equiv="Content-Type" content="text/html;charset=utf-8" />
  <meta name='ocr-system' content='tesseract 3.04.00' />
  <meta name='ocr-capabilities' content='ocr_page ocr_carea ocr_par ocr_line ocrx_word'/>
</head>
<body>
  <div class='ocr_page' id='page_1' title='image "./csuetonitranqui00rothgoog_0351.png"; bbox 0 0 2438 3872; ppageno 0'>
   <div class='ocr_carea' id='block_1_1' title="bbox 446 245 1108 305">
    <p class='ocr_par' dir='ltr' id='par_1_1' title="bbox 446 245 1108 305">
     <span class='ocr_line' id='line_1_1' title="bbox 446 245 1108 305; baseline 0 0"><span class='ocrx_word' id='word_1_1' title='bbox 446 269 449 275; x_wconf 95' lang='lat'>·</span> <span class='ocrx_word' id='word_1_2' title='bbox 496 255 723 305; x_wconf 68' lang='lat' dir='ltr'><strong>nonarumque.</strong></span> <span class='ocrx_word' id='word_1_3' title='bbox 1051 245 1108 305; x_wconf 73' lang='lat' dir='ltr'><strong>tlt</strong></span> 
     </span>
    </p>
   </div>
   <div class='ocr_carea' id='block_1_2' title="bbox 33 409 1152 1328">
    <p class='ocr_par' dir='ltr' id='par_1_2' title="bbox 33 409 1152 1328">
     <span class='ocr_line' id='line_1_2' title="bbox 114 409 1113 489; baseline 0 -18"><span class='ocrx_word' id='word_1_4' title='bbox 114 411 221 472; x_wconf 88' lang='lat' dir='ltr'><strong>nullam</strong></span> <span class='ocrx_word' id='word_1_5' title='bbox 236 409 385 488; x_wconf 89' lang='lat' dir='ltr'><strong>habuisse,</strong></span> <span class='ocrx_word' id='word_1_6' title='bbox 407 419 562 489; x_wconf 74' lang='lat' dir='ltr'><strong>persancte</strong></span> <span class='ocrx_word' id='word_1_7' title='bbox 577 409 701 471; x_wconf 90' lang='lat' dir='ltr'><strong>Domitia</strong></span> <span class='ocrx_word' id='word_1_8' title='bbox 715 409 844 470; x_wconf 89' lang='lat' dir='ltr'><strong>iurabat:</strong></span> <span class='ocrx_word' id='word_1_9' title='bbox 866 409 941 470; x_wconf 89' lang='lat' dir='ltr'><strong>haud</strong></span> <span class='ocrx_word' id='word_1_10' title='bbox 962 421 1113 488; x_wconf 86' lang='lat' dir='ltr'><strong>negatura,</strong></span> 
     </span>
     <span class='ocr_line' id='line_1_3' title="bbox 114 493 1113 574; baseline -0.002 -18"><span class='ocrx_word' id='word_1_11' title='bbox 114 497 140 556; x_wconf 86' lang='lat' dir='ltr'><strong>sl</strong></span> <span class='ocrx_word' id='word_1_12' title='bbox 155 513 210 574; x_wconf 89' lang='lat' dir='ltr'><strong>qna</strong></span> <span class='ocrx_word' id='word_1_13' title='bbox 224 497 339 556; x_wconf 93' lang='lat' dir='ltr'><strong>omnino</strong></span> <span class='ocrx_word' id='word_1_14' title='bbox 356 495 469 570; x_wconf 88' lang='lat' dir='ltr'><strong>luisset,</strong></span> <span class='ocrx_word' id='word_1_15' title='bbox 488 496 573 554; x_wconf 91' lang='lat' dir='ltr'><strong>immo</strong></span> <span class='ocrx_word' id='word_1_16' title='bbox 592 497 675 555; x_wconf 90' lang='lat' dir='ltr'><strong>etiam</strong></span> <span class='ocrx_word' id='word_1_17' title='bbox 688 493 859 572; x_wconf 73' lang='lat' dir='ltr'><strong>gloriatura,</strong></span> <span class='ocrx_word' id='word_1_18' title='bbox 876 493 954 573; x_wconf 87' lang='lat' dir='ltr'><strong>quod</strong></span> <span class='ocrx_word' id='word_1_19' title='bbox 965 494 1005 554; x_wconf 89' lang='lat' dir='ltr'><strong>illi</strong></span> <span class='ocrx_word' id='word_1_20' title='bbox 1018 512 1113 573; x_wconf 89' lang='lat' dir='ltr'><strong>prom-</strong></span> 
     </span>
     <span class='ocr_line' id='line_1_4' title="bbox 112 577 678 660; baseline -0.005 -21"><span class='ocrx_word' id='word_1_21' title='bbox 112 581 271 660; x_wconf 88' lang='lat' dir='ltr'><strong>ptissimum</strong></span> <span class='ocrx_word' id='word_1_22' title='bbox 286 587 349 639; x_wconf 88' lang='lat' dir='ltr'><strong>erat</strong></span> <span class='ocrx_word' id='word_1_23' title='bbox 364 581 392 638; x_wconf 94' lang='lat' dir='ltr'><strong>in</strong></span> <span class='ocrx_word' id='word_1_24' title='bbox 407 577 537 639; x_wconf 88' lang='lat' dir='ltr'><strong>omnibus</strong></span> <span class='ocrx_word' id='word_1_25' title='bbox 552 578 678 656; x_wconf 84' lang='lat' dir='ltr'><strong>probris.</strong></span> 
     </span>
     <span class='ocr_line' id='line_1_5' title="bbox 178 660 1152 742; baseline -0.005 -19"><span class='ocrx_word' id='word_1_26' title='bbox 178 663 316 724; x_wconf 76' lang='lat' dir='ltr'><strong>Excessit</strong></span> <span class='ocrx_word' id='word_1_27' title='bbox 335 664 363 722; x_wconf 92' lang='lat' dir='ltr'><strong>in</strong></span> <span class='ocrx_word' id='word_1_28' title='bbox 382 661 482 722; x_wconf 89' lang='lat' dir='ltr'><strong>eadem</strong></span> <span class='ocrx_word' id='word_1_29' title='bbox 507 679 561 740; x_wconf 93' lang='lat' dir='ltr'><strong>qua</strong></span> <span class='ocrx_word' id='word_1_30' title='bbox 584 670 666 741; x_wconf 88' lang='lat' dir='ltr'><strong>pater</strong></span> <span class='ocrx_word' id='word_1_31' title='bbox 681 662 750 722; x_wconf 84' lang='lat' dir='ltr'><strong>villa</strong></span> <span class='ocrx_word' id='word_1_32' title='bbox 768 660 810 722; x_wconf 92' lang='lat' dir='ltr'><strong>ld.</strong></span> <span class='ocrx_word' id='word_1_33' title='bbox 830 661 931 740; x_wconf 88' lang='lat' dir='ltr'><strong>Septb.</strong></span> <span class='ocrx_word' id='word_1_34' title='bbox 948 671 1016 742; x_wconf 89' lang='lat' dir='ltr'><strong>post</strong></span> <span class='ocrx_word' id='word_1_35' title='bbox 1032 662 1152 724; x_wconf 88' lang='lat' dir='ltr'><strong>bien-lt</strong></span> 
     </span>
     <span class='ocr_line' id='line_1_6' title="bbox 85 744 1112 826; baseline 0.001 -21"><span class='ocrx_word' id='word_1_36' title='bbox 85 749 189 806; x_wconf 77' lang='lat' dir='ltr'><strong>onium</strong></span> <span class='ocrx_word' id='word_1_37' title='bbox 208 765 243 808; x_wconf 94' lang='lat' dir='ltr'><strong>ac</strong></span> <span class='ocrx_word' id='word_1_38' title='bbox 259 765 375 807; x_wconf 91' lang='lat' dir='ltr'><strong>menses</strong></span> <span class='ocrx_word' id='word_1_39' title='bbox 398 747 471 806; x_wconf 92' lang='lat' dir='ltr'><strong>duos</strong></span> <span class='ocrx_word' id='word_1_40' title='bbox 494 746 614 824; x_wconf 82' lang='lat' dir='ltr'><strong>diesque</strong></span> <span class='ocrx_word' id='word_1_41' title='bbox 636 744 700 806; x_wconf 88' lang='lat' dir='ltr'><strong>XX.</strong></span> <span class='ocrx_word' id='word_1_42' title='bbox 721 763 804 826; x_wconf 92' lang='lat' dir='ltr'><strong>quam</strong></span> <span class='ocrx_word' id='word_1_43' title='bbox 825 755 1011 807; x_wconf 75' lang='lat' dir='ltr'><strong>successerat</strong></span> <span class='ocrx_word' id='word_1_44' title='bbox 1027 749 1112 826; x_wconf 89' lang='lat' dir='ltr'><strong>patri,</strong></span> 
     </span>
     <span class='ocr_line' id='line_1_7' title="bbox 113 829 1112 910; baseline 0 -19"><span class='ocrx_word' id='word_1_45' title='bbox 113 831 206 891; x_wconf 88' lang='lat' dir='ltr'><strong>altero</strong></span> <span class='ocrx_word' id='word_1_46' title='bbox 222 840 251 890; x_wconf 90' lang='lat' dir='ltr'><strong>et</strong></span> <span class='ocrx_word' id='word_1_47' title='bbox 268 829 490 908; x_wconf 88' lang='lat' dir='ltr'><strong>quadragesimo</strong></span> <span class='ocrx_word' id='word_1_48' title='bbox 511 831 614 889; x_wconf 88' lang='lat' dir='ltr'><strong>aetatis</strong></span> <span class='ocrx_word' id='word_1_49' title='bbox 633 846 717 889; x_wconf 85' lang='lat' dir='ltr'><strong>anno.</strong></span> <span class='ocrx_word' id='word_1_50' title='bbox 752 829 836 905; x_wconf 81' lang='lat' dir='ltr'><strong>Quod</strong></span> <span class='ocrx_word' id='word_1_51' title='bbox 850 838 881 889; x_wconf 92' lang='lat' dir='ltr'><strong>ut</strong></span> <span class='ocrx_word' id='word_1_52' title='bbox 897 831 992 910; x_wconf 87' lang='lat' dir='ltr'><strong>palam</strong></span> <span class='ocrx_word' id='word_1_53' title='bbox 1007 830 1112 892; x_wconf 86' lang='lat' dir='ltr'><strong>lactum</strong></span> 
     </span>
     <span class='ocr_line' id='line_1_8' title="bbox 114 913 1112 994; baseline 0.002 -21"><span class='ocrx_word' id='word_1_54' title='bbox 114 923 169 990; x_wconf 87' lang='lat' dir='ltr'><strong>est,</strong></span> <span class='ocrx_word' id='word_1_55' title='bbox 185 931 243 974; x_wconf 94' lang='lat' dir='ltr'><strong>non</strong></span> <span class='ocrx_word' id='word_1_56' title='bbox 259 931 345 974; x_wconf 86' lang='lat' dir='ltr'><strong>secus</strong></span> <span class='ocrx_word' id='word_1_57' title='bbox 362 924 448 992; x_wconf 86' lang='lat' dir='ltr'><strong>atque</strong></span> <span class='ocrx_word' id='word_1_58' title='bbox 465 915 493 976; x_wconf 89' lang='lat' dir='ltr'><strong>ln</strong></span> <span class='ocrx_word' id='word_1_59' title='bbox 511 913 673 974; x_wconf 89' lang='lat' dir='ltr'><strong>domestico</strong></span> <span class='ocrx_word' id='word_1_60' title='bbox 690 914 769 973; x_wconf 90' lang='lat' dir='ltr'><strong>luctu</strong></span> <span class='ocrx_word' id='word_1_61' title='bbox 783 914 980 975; x_wconf 86' lang='lat' dir='ltr'><strong>maerentibus</strong></span> <span class='ocrx_word' id='word_1_62' title='bbox 996 916 1112 994; x_wconf 87' lang='lat' dir='ltr'><strong>publice</strong></span> 
     </span>
     <span class='ocr_line' id='line_1_9' title="bbox 114 994 1113 1077; baseline 0.002 -20"><span class='ocrx_word' id='word_1_63' title='bbox 114 1001 241 1075; x_wconf 89' lang='lat' dir='ltr'><strong>cunctis,</strong></span> <span class='ocrx_word' id='word_1_64' title='bbox 262 1007 379 1058; x_wconf 88' lang='lat' dir='ltr'><strong>senatus</strong></span> <span class='ocrx_word' id='word_1_65' title='bbox 400 999 478 1075; x_wconf 91' lang='lat' dir='ltr'><strong>prius</strong></span> <span class='ocrx_word' id='word_1_66' title='bbox 500 1014 584 1077; x_wconf 87' lang='lat' dir='ltr'><strong>quam</strong></span> <span class='ocrx_word' id='word_1_67' title='bbox 605 996 702 1058; x_wconf 88' lang='lat' dir='ltr'><strong>edicto</strong></span> <span class='ocrx_word' id='word_1_68' title='bbox 723 994 935 1060; x_wconf 85' lang='lat' dir='ltr'><strong>convocaretur</strong></span> <span class='ocrx_word' id='word_1_69' title='bbox 952 997 988 1058; x_wconf 89' lang='lat' dir='ltr'><strong>ad</strong></span> <span class='ocrx_word' id='word_1_70' title='bbox 1006 1001 1113 1060; x_wconf 87' lang='lat' dir='ltr'><strong>curiam</strong></span> 
     </span>
     <span class='ocr_line' id='line_1_10' title="bbox 113 1080 1113 1162; baseline 0 -19"><span class='ocrx_word' id='word_1_71' title='bbox 113 1083 271 1158; x_wconf 82' lang='lat' dir='ltr'><strong>concurrit,</strong></span> <span class='ocrx_word' id='word_1_72' title='bbox 289 1081 489 1160; x_wconf 81' lang='lat' dir='ltr'><strong>obseratisque</strong></span> <span class='ocrx_word' id='word_1_73' title='bbox 505 1081 596 1141; x_wconf 89' lang='lat' dir='ltr'><strong>adhuc</strong></span> <span class='ocrx_word' id='word_1_74' title='bbox 610 1080 738 1158; x_wconf 82' lang='lat' dir='ltr'><strong>loribus,</strong></span> <span class='ocrx_word' id='word_1_75' title='bbox 754 1082 857 1142; x_wconf 82' lang='lat' dir='ltr'><strong>deiude</strong></span> <span class='ocrx_word' id='word_1_76' title='bbox 873 1084 999 1162; x_wconf 87' lang='lat' dir='ltr'><strong>apertis,</strong></span> <span class='ocrx_word' id='word_1_77' title='bbox 1020 1093 1113 1144; x_wconf 88' lang='lat' dir='ltr'><strong>tantas</strong></span> 
     </span>
     <span class='ocr_line' id='line_1_11' title="bbox 33 1164 1113 1248; baseline -0.001 -21"><span class='ocrx_word' id='word_1_78' title='bbox 33 1238 36 1248; x_wconf 22' lang='grc' dir='ltr'><strong>ι</strong></span> <span class='ocrx_word' id='word_1_79' title='bbox 77 1173 223 1228; x_wconf 73' lang='grc' dir='ltr'><strong>ιιιιιοιῐιιο</strong></span> <span class='ocrx_word' id='word_1_80' title='bbox 239 1167 350 1244; x_wconf 78' lang='lat' dir='ltr'><strong>gratias</strong></span> <span class='ocrx_word' id='word_1_81' title='bbox 365 1166 425 1243; x_wconf 90' lang='lat' dir='ltr'><strong>egit</strong></span> <span class='ocrx_word' id='word_1_82' title='bbox 441 1164 598 1244; x_wconf 85' lang='lat' dir='ltr'><strong>laudesque</strong></span> <span class='ocrx_word' id='word_1_83' title='bbox 614 1168 774 1243; x_wconf 79' lang='lat' dir='ltr'><strong>congessit,</strong></span> <span class='ocrx_word' id='word_1_84' title='bbox 792 1168 912 1245; x_wconf 88' lang='lat' dir='ltr'><strong>quantas</strong></span> <span class='ocrx_word' id='word_1_85' title='bbox 924 1186 960 1226; x_wconf 90' lang='lat' dir='ltr'><strong>ne</strong></span> <span class='ocrx_word' id='word_1_86' title='bbox 972 1168 1040 1229; x_wconf 86' lang='lat' dir='ltr'><strong>vivo</strong></span> <span class='ocrx_word' id='word_1_87' title='bbox 1053 1169 1113 1246; x_wconf 91' lang='lat' dir='ltr'><strong>qui-</strong></span> 
     </span>
     <span class='ocr_line' id='line_1_12' title="bbox 112 1249 599 1328; baseline -0.004 -19"><span class='ocrx_word' id='word_1_88' title='bbox 112 1249 178 1310; x_wconf 91' lang='lat' dir='ltr'><strong>dem</strong></span> <span class='ocrx_word' id='word_1_89' title='bbox 192 1267 322 1328; x_wconf 88' lang='lat' dir='ltr'><strong>umquam</strong></span> <span class='ocrx_word' id='word_1_90' title='bbox 339 1259 426 1328; x_wconf 87' lang='lat' dir='ltr'><strong>atque</strong></span> <span class='ocrx_word' id='word_1_91' title='bbox 443 1251 599 1327; x_wconf 82' lang='lat' dir='ltr'><strong>praesenti.</strong></span> 
     </span>
    </p>
   </div>
   <div class='ocr_carea' id='block_1_3' title="bbox 3 1592 1215 3669">
    <p class='ocr_par' dir='ltr' id='par_1_3' title="bbox 3 1592 1215 3669">
     <span class='ocr_line' id='line_1_13' title="bbox 292 1592 1086 1655; baseline -0.005 0"><span class='ocrx_word' id='word_1_92' title='bbox 292 1641 297 1655; x_wconf 90' lang='lat'>.</span> <span class='ocrx_word' id='word_1_93' title='bbox 986 1599 1039 1652; x_wconf 75' lang='grc' dir='ltr'><strong>ιϊ</strong></span> <span class='ocrx_word' id='word_1_94' title='bbox 1057 1592 1086 1644; x_wconf 61' lang='grc' dir='ltr'><strong>ι.</strong></span> 
     </span>
     <span class='ocr_line' id='line_1_14' title="bbox 173 1650 1090 1721; baseline -0.002 -6"><span class='ocrx_word' id='word_1_95' title='bbox 173 1650 208 1721; x_wconf 72' lang='lat' dir='ltr'><strong>sl.</strong></span> <span class='ocrx_word' id='word_1_96' title='bbox 252 1653 293 1714; x_wconf 61' lang='lat'><strong>‘1²</strong></span> <span class='ocrx_word' id='word_1_97' title='bbox 1061 1655 1090 1670; x_wconf 86' lang='lat'><strong>&#39;&#39;</strong></span> 
     </span>
     <span class='ocr_line' id='line_1_15' title="bbox 474 1769 1016 1898; baseline 0.004 -74"><span class='ocrx_word' id='word_1_98' title='bbox 474 1769 649 1879; x_wconf 80' lang='lat' dir='ltr'><strong>othtttt</strong></span> <span class='ocrx_word' id='word_1_99' title='bbox 662 1770 747 1898; x_wconf 75' lang='lat' dir='ltr'><strong>llllS</strong></span> <span class='ocrx_word' id='word_1_100' title='bbox 1004 1832 1016 1860; x_wconf 77' lang='lat' dir='ltr'><strong>c</strong></span> 
     </span>
     <span class='ocr_line' id='line_1_16' title="bbox 951 1847 996 1910; baseline 0 -28"><span class='ocrx_word' id='word_1_101' title='bbox 951 1847 996 1910; x_wconf 76' lang='lat' dir='ltr'><strong>,l</strong></span> 
     </span>
     <span class='ocr_line' id='line_1_17' title="bbox 173 1869 1215 2006; baseline -0.001 -18"><span class='ocrx_word' id='word_1_102' title='bbox 173 1929 351 1990; x_wconf 87' lang='lat' dir='ltr'><strong>Domitianus</strong></span> <span class='ocrx_word' id='word_1_103' title='bbox 375 1935 456 1986; x_wconf 88' lang='lat' dir='ltr'><strong>natus</strong></span> <span class='ocrx_word' id='word_1_104' title='bbox 483 1935 528 1987; x_wconf 91' lang='lat' dir='ltr'><strong>est</strong></span> <span class='ocrx_word' id='word_1_105' title='bbox 550 1926 641 1988; x_wconf 89' lang='lat' dir='ltr'><strong>Vllll</strong></span> <span class='ocrx_word' id='word_1_106' title='bbox 665 1869 712 1988; x_wconf 79' lang='lat' dir='ltr'><strong>lll</strong></span> <span class='ocrx_word' id='word_1_107' title='bbox 727 1926 869 1989; x_wconf 88' lang='lat' dir='ltr'><strong>Novemb</strong></span> <span class='ocrx_word' id='word_1_108' title='bbox 894 1935 976 2006; x_wconf 89' lang='lat' dir='ltr'><strong>patre</strong></span> <span class='ocrx_word' id='word_1_109' title='bbox 994 1928 1138 1996; x_wconf 78' lang='lat' dir='ltr'><strong>consulet</strong></span> <span class='ocrx_word' id='word_1_110' title='bbox 1212 1974 1215 1987; x_wconf 93' lang='lat'><em>.</em></span> 
     </span>
     <span class='ocr_line' id='line_1_18' title="bbox 112 2011 1212 2090; baseline -0.004 -17"><span class='ocrx_word' id='word_1_111' title='bbox 112 2013 264 2090; x_wconf 87' lang='lat' dir='ltr'><strong>designato</strong></span> <span class='ocrx_word' id='word_1_112' title='bbox 283 2013 444 2089; x_wconf 89' lang='lat' dir='ltr'><strong>inituroque</strong></span> <span class='ocrx_word' id='word_1_113' title='bbox 459 2028 559 2070; x_wconf 90' lang='lat' dir='ltr'><strong>mense</strong></span> <span class='ocrx_word' id='word_1_114' title='bbox 574 2011 736 2089; x_wconf 85' lang='lat' dir='ltr'><strong>insequenti</strong></span> <span class='ocrx_word' id='word_1_115' title='bbox 754 2011 911 2087; x_wconf 80' lang='lat' dir='ltr'><strong>honorem,</strong></span> <span class='ocrx_word' id='word_1_116' title='bbox 931 2011 1054 2088; x_wconf 84' lang='lat' dir='ltr'><strong>regione</strong></span> <span class='ocrx_word' id='word_1_117' title='bbox 1068 2029 1112 2070; x_wconf 89' lang='lat' dir='ltr'><strong>ur·</strong></span> <span class='ocrx_word' id='word_1_118' title='bbox 1177 2011 1212 2038; x_wconf 81' lang='lat'><strong>&#39;·&#39;</strong></span> 
     </span>
     <span class='ocr_line' id='line_1_19' title="bbox 111 2093 1114 2197; baseline -0.004 -40"><span class='ocrx_word' id='word_1_119' title='bbox 111 2097 158 2157; x_wconf 90' lang='lat' dir='ltr'><strong>bis</strong></span> <span class='ocrx_word' id='word_1_120' title='bbox 173 2105 256 2157; x_wconf 85' lang='lat' dir='ltr'><strong>sexta</strong></span> <span class='ocrx_word' id='word_1_121' title='bbox 268 2096 303 2157; x_wconf 91' lang='lat' dir='ltr'><strong>ad</strong></span> <span class='ocrx_word' id='word_1_122' title='bbox 317 2093 421 2156; x_wconf 90' lang='lat' dir='ltr'><strong>hlalum</strong></span> <span class='ocrx_word' id='word_1_123' title='bbox 435 2093 586 2172; x_wconf 89' lang='lat' dir='ltr'><strong>Punicum,</strong></span> <span class='ocrx_word' id='word_1_124' title='bbox 604 2095 690 2156; x_wconf 90' lang='lat' dir='ltr'><strong>domo</strong></span> <span class='ocrx_word' id='word_1_125' title='bbox 706 2114 790 2174; x_wconf 91' lang='lat' dir='ltr'><strong>quam</strong></span> <span class='ocrx_word' id='word_1_126' title='bbox 804 2104 909 2197; x_wconf 89' lang='lat' dir='ltr'><strong>postea</strong></span> <span class='ocrx_word' id='word_1_127' title='bbox 928 2096 957 2154; x_wconf 90' lang='lat' dir='ltr'><strong>io</strong></span> <span class='ocrx_word' id='word_1_128' title='bbox 977 2093 1114 2173; x_wconf 87' lang='lat' dir='ltr'><strong>templum</strong></span> 
     </span>
     <span class='ocr_line' id='line_1_20' title="bbox 74 2165 1114 2260; baseline -0.001 -21"><span class='ocrx_word' id='word_1_129' title='bbox 74 2197 102 2240; x_wconf 81' lang='lat' dir='ltr'><strong>ts</strong></span> <span class='ocrx_word' id='word_1_130' title='bbox 111 2181 208 2259; x_wconf 86' lang='lat' dir='ltr'><strong>gentis</strong></span> <span class='ocrx_word' id='word_1_131' title='bbox 222 2165 419 2260; x_wconf 45' lang='lat' dir='ltr'><strong>Flaviae*</strong></span> <span class='ocrx_word' id='word_1_132' title='bbox 357 2176 509 2246; x_wconf 88' lang='lat' dir='ltr'><strong>convertit.</strong></span> <span class='ocrx_word' id='word_1_133' title='bbox 540 2177 704 2240; x_wconf 88' lang='lat' dir='ltr'><strong>Pubertatis</strong></span> <span class='ocrx_word' id='word_1_134' title='bbox 718 2198 751 2240; x_wconf 89' lang='lat' dir='ltr'><strong>ac</strong></span> <span class='ocrx_word' id='word_1_135' title='bbox 767 2183 875 2259; x_wconf 87' lang='lat' dir='ltr'><strong>primae</strong></span> <span class='ocrx_word' id='word_1_136' title='bbox 898 2179 1114 2241; x_wconf 87' lang='lat' dir='ltr'><strong>adulescentiae</strong></span> 
     </span>
     <span class='ocr_line' id='line_1_21' title="bbox 110 2255 1113 2344; baseline -0.002 -20"><span class='ocrx_word' id='word_1_137' title='bbox 110 2274 224 2344; x_wconf 88' lang='lat' dir='ltr'><strong>tempus</strong></span> <span class='ocrx_word' id='word_1_138' title='bbox 239 2255 317 2324; x_wconf 89' lang='lat' dir='ltr'><strong>tanta</strong></span> <span class='ocrx_word' id='word_1_139' title='bbox 332 2263 431 2342; x_wconf 90' lang='lat' dir='ltr'><strong>iuopia</strong></span> <span class='ocrx_word' id='word_1_140' title='bbox 447 2271 583 2340; x_wconf 88' lang='lat' dir='ltr'><strong>tantaque</strong></span> <span class='ocrx_word' id='word_1_141' title='bbox 599 2263 714 2324; x_wconf 80' lang='lat' dir='ltr'><strong>infamia</strong></span> <span class='ocrx_word' id='word_1_142' title='bbox 731 2265 860 2344; x_wconf 72' lang='lat' dir='ltr'><strong>gessisse</strong></span> <span class='ocrx_word' id='word_1_143' title='bbox 877 2263 984 2340; x_wconf 77' lang='lat' dir='ltr'><strong>lemur,</strong></span> <span class='ocrx_word' id='word_1_144' title='bbox 1006 2272 1035 2322; x_wconf 92' lang='lat' dir='ltr'><strong>ut</strong></span> <span class='ocrx_word' id='word_1_145' title='bbox 1053 2263 1113 2322; x_wconf 92' lang='lat' dir='ltr'><strong>nul</strong></span> 
     </span>
     <span class='ocr_line' id='line_1_22' title="bbox 110 2345 1113 2426; baseline -0.001 -18"><span class='ocrx_word' id='word_1_146' title='bbox 110 2349 168 2408; x_wconf 92' lang='lat' dir='ltr'><strong>lum</strong></span> <span class='ocrx_word' id='word_1_147' title='bbox 189 2356 359 2426; x_wconf 87' lang='lat' dir='ltr'><strong>argenteum</strong></span> <span class='ocrx_word' id='word_1_148' title='bbox 380 2363 433 2406; x_wconf 84' lang='lat' dir='ltr'><strong>vas</strong></span> <span class='ocrx_word' id='word_1_149' title='bbox 454 2347 482 2406; x_wconf 90' lang='lat' dir='ltr'><strong>in</strong></span> <span class='ocrx_word' id='word_1_150' title='bbox 505 2363 557 2424; x_wconf 82' lang='lat' dir='ltr'><strong>usu</strong></span> <span class='ocrx_word' id='word_1_151' title='bbox 577 2345 708 2408; x_wconf 89' lang='lat' dir='ltr'><strong>haberet.</strong></span> <span class='ocrx_word' id='word_1_152' title='bbox 760 2348 894 2426; x_wconf 86' lang='lat' dir='ltr'><strong>Satisque</strong></span> <span class='ocrx_word' id='word_1_153' title='bbox 917 2353 1030 2408; x_wconf 88' lang='lat' dir='ltr'><strong>constat</strong></span> <span class='ocrx_word' id='word_1_154' title='bbox 1047 2345 1113 2407; x_wconf 87' lang='lat' dir='ltr'><strong>Clo-</strong></span> 
     </span>
     <span class='ocr_line' id='line_1_23' title="bbox 111 2429 1113 2510; baseline -0.002 -18"><span class='ocrx_word' id='word_1_155' title='bbox 111 2431 186 2492; x_wconf 88' lang='lat' dir='ltr'><strong>dium</strong></span> <span class='ocrx_word' id='word_1_156' title='bbox 201 2431 363 2494; x_wconf 89' lang='lat' dir='ltr'><strong>Pollionem</strong></span> <span class='ocrx_word' id='word_1_157' title='bbox 377 2431 553 2508; x_wconf 88' lang='lat' dir='ltr'><strong>praetorium</strong></span> <span class='ocrx_word' id='word_1_158' title='bbox 571 2433 671 2508; x_wconf 81' lang='lat' dir='ltr'><strong>virum,</strong></span> <span class='ocrx_word' id='word_1_159' title='bbox 691 2433 719 2492; x_wconf 92' lang='lat' dir='ltr'><strong>in</strong></span> <span class='ocrx_word' id='word_1_160' title='bbox 735 2450 820 2510; x_wconf 89' lang='lat' dir='ltr'><strong>quem</strong></span> <span class='ocrx_word' id='word_1_161' title='bbox 835 2439 880 2491; x_wconf 88' lang='lat' dir='ltr'><strong>est</strong></span> <span class='ocrx_word' id='word_1_162' title='bbox 900 2448 1006 2510; x_wconf 90' lang='lat' dir='ltr'><strong>poema</strong></span> <span class='ocrx_word' id='word_1_163' title='bbox 1021 2429 1113 2490; x_wconf 89' lang='lat' dir='ltr'><strong>Nero·</strong></span> 
     </span>
     <span class='ocr_line' id='line_1_24' title="bbox 110 2512 1115 2594; baseline -0.002 -18"><span class='ocrx_word' id='word_1_164' title='bbox 110 2517 156 2576; x_wconf 88' lang='lat' dir='ltr'><strong>nis</strong></span> <span class='ocrx_word' id='word_1_165' title='bbox 171 2513 250 2594; x_wconf 90' lang='lat' dir='ltr'><strong>quod</strong></span> <span class='ocrx_word' id='word_1_166' title='bbox 265 2513 432 2575; x_wconf 90' lang='lat' dir='ltr'><strong>inscribitur</strong></span> <span class='ocrx_word' id='word_1_167' title='bbox 446 2512 570 2592; x_wconf 80' lang='lat' dir='ltr'><strong>Luscio,</strong></span> <span class='ocrx_word' id='word_1_168' title='bbox 588 2515 813 2594; x_wconf 79' lang='lat' dir='ltr'><strong>chirographum</strong></span> <span class='ocrx_word' id='word_1_169' title='bbox 835 2517 897 2575; x_wconf 89' lang='lat' dir='ltr'><strong>eius</strong></span> <span class='ocrx_word' id='word_1_170' title='bbox 920 2531 1115 2574; x_wconf 86' lang='lat' dir='ltr'><strong>conservasse</strong></span> 
     </span>
     <span class='ocr_line' id='line_1_25' title="bbox 73 2597 1113 2678; baseline -0.002 -18"><span class='ocrx_word' id='word_1_171' title='bbox 73 2608 141 2660; x_wconf 83' lang='lat' dir='ltr'><strong>acet</strong></span> <span class='ocrx_word' id='word_1_172' title='bbox 162 2615 371 2676; x_wconf 89' lang='lat' dir='ltr'><strong>nonnumquam</strong></span> <span class='ocrx_word' id='word_1_173' title='bbox 391 2597 548 2676; x_wconf 84' lang='lat' dir='ltr'><strong>protulisse</strong></span> <span class='ocrx_word' id='word_1_174' title='bbox 572 2608 687 2659; x_wconf 89' lang='lat' dir='ltr'><strong>noctem</strong></span> <span class='ocrx_word' id='word_1_175' title='bbox 709 2599 764 2658; x_wconf 90' lang='lat' dir='ltr'><strong>sibi</strong></span> <span class='ocrx_word' id='word_1_176' title='bbox 787 2599 968 2678; x_wconf 90' lang='lat' dir='ltr'><strong>pollicentis;</strong></span> <span class='ocrx_word' id='word_1_177' title='bbox 989 2615 1045 2658; x_wconf 90' lang='lat' dir='ltr'><strong>nec</strong></span> <span class='ocrx_word' id='word_1_178' title='bbox 1065 2597 1113 2658; x_wconf 88' lang='lat' dir='ltr'><strong>de·</strong></span> 
     </span>
     <span class='ocr_line' id='line_1_26' title="bbox 110 2681 1114 2763; baseline -0.003 -19"><span class='ocrx_word' id='word_1_179' title='bbox 110 2684 224 2744; x_wconf 86' lang='lat' dir='ltr'><strong>luerunt</strong></span> <span class='ocrx_word' id='word_1_180' title='bbox 246 2683 294 2762; x_wconf 90' lang='lat' dir='ltr'><strong>qui</strong></span> <span class='ocrx_word' id='word_1_181' title='bbox 320 2682 511 2758; x_wconf 82' lang='lat' dir='ltr'><strong>affirmarent,</strong></span> <span class='ocrx_word' id='word_1_182' title='bbox 534 2692 699 2763; x_wconf 89' lang='lat' dir='ltr'><strong>corruptum</strong></span> <span class='ocrx_word' id='word_1_183' title='bbox 716 2682 908 2743; x_wconf 88' lang='lat' dir='ltr'><strong>Domitianum</strong></span> <span class='ocrx_word' id='word_1_184' title='bbox 930 2690 959 2742; x_wconf 91' lang='lat' dir='ltr'><strong>et</strong></span> <span class='ocrx_word' id='word_1_185' title='bbox 981 2699 996 2742; x_wconf 92' lang='lat' dir='ltr'><strong>a</strong></span> <span class='ocrx_word' id='word_1_186' title='bbox 1018 2681 1114 2742; x_wconf 88' lang='lat' dir='ltr'><strong>Nerva</strong></span> 
     </span>
     <span class='ocr_line' id='line_1_27' title="bbox 4 2764 1201 2852; baseline -0.001 -25"><span class='ocrx_word' id='word_1_187' title='bbox 4 2841 5 2844; x_wconf 8' lang='grc' dir='ltr'><strong>Ἴ</strong></span> <span class='ocrx_word' id='word_1_188' title='bbox 111 2781 285 2827; x_wconf 83' lang='lat' dir='ltr'><strong>successore</strong></span> <span class='ocrx_word' id='word_1_189' title='bbox 306 2783 375 2829; x_wconf 83' lang='lat' dir='ltr'><strong>mox</strong></span> <span class='ocrx_word' id='word_1_190' title='bbox 395 2781 459 2826; x_wconf 91' lang='lat' dir='ltr'><strong>suo.</strong></span> <span class='ocrx_word' id='word_1_191' title='bbox 504 2764 589 2827; x_wconf 83' lang='lat' dir='ltr'><strong>llello</strong></span> <span class='ocrx_word' id='word_1_192' title='bbox 611 2767 771 2828; x_wconf 82' lang='lat' dir='ltr'><strong>Vitelliano</strong></span> <span class='ocrx_word' id='word_1_193' title='bbox 792 2767 923 2845; x_wconf 79' lang='lat' dir='ltr'><strong>confugit</strong></span> <span class='ocrx_word' id='word_1_194' title='bbox 945 2767 974 2826; x_wconf 91' lang='lat' dir='ltr'><strong>in</strong></span> <span class='ocrx_word' id='word_1_195' title='bbox 998 2764 1114 2845; x_wconf 81' lang='lat' dir='ltr'><strong>Capito·</strong></span> <span class='ocrx_word' id='word_1_196' title='bbox 1135 2782 1150 2852; x_wconf 80' lang='lat' dir='ltr'><strong>p</strong></span> <span class='ocrx_word' id='word_1_197' title='bbox 1169 2789 1201 2818; x_wconf 76' lang='lat'><strong>2·-</strong></span> 
     </span>
     <span class='ocr_line' id='line_1_28' title="bbox 3 2849 1114 2930; baseline -0.001 -20"><span class='ocrx_word' id='word_1_198' title='bbox 3 2849 5 2858; x_wconf 81' lang='grc'>’</span> <span class='ocrx_word' id='word_1_199' title='bbox 111 2850 178 2911; x_wconf 89' lang='lat' dir='ltr'><strong>lium</strong></span> <span class='ocrx_word' id='word_1_200' title='bbox 195 2867 258 2910; x_wconf 91' lang='lat' dir='ltr'><strong>cum</strong></span> <span class='ocrx_word' id='word_1_201' title='bbox 275 2858 378 2928; x_wconf 91' lang='lat' dir='ltr'><strong>patruo</strong></span> <span class='ocrx_word' id='word_1_202' title='bbox 394 2849 502 2910; x_wconf 86' lang='lat' dir='ltr'><strong>Sabino</strong></span> <span class='ocrx_word' id='word_1_203' title='bbox 519 2867 555 2909; x_wconf 90' lang='lat' dir='ltr'><strong>ac</strong></span> <span class='ocrx_word' id='word_1_204' title='bbox 571 2861 653 2929; x_wconf 88' lang='lat' dir='ltr'><strong>parte</strong></span> <span class='ocrx_word' id='word_1_205' title='bbox 669 2851 863 2930; x_wconf 90' lang='lat' dir='ltr'><strong>praesentium</strong></span> <span class='ocrx_word' id='word_1_206' title='bbox 880 2851 1044 2928; x_wconf 88' lang='lat' dir='ltr'><strong>copiarum,</strong></span> <span class='ocrx_word' id='word_1_207' title='bbox 1063 2849 1114 2910; x_wconf 91' lang='lat' dir='ltr'><strong>sed</strong></span> 
     </span>
     <span class='ocr_line' id='line_1_29' title="bbox 110 2932 1114 3014; baseline -0.002 -20"><span class='ocrx_word' id='word_1_208' title='bbox 110 2932 335 3014; x_wconf 88' lang='lat' dir='ltr'><strong>irrumpentibus</strong></span> <span class='ocrx_word' id='word_1_209' title='bbox 351 2932 528 2993; x_wconf 84' lang='lat' dir='ltr'><strong>adversariis</strong></span> <span class='ocrx_word' id='word_1_210' title='bbox 543 2942 572 2993; x_wconf 90' lang='lat' dir='ltr'><strong>et</strong></span> <span class='ocrx_word' id='word_1_211' title='bbox 592 2935 711 2996; x_wconf 89' lang='lat' dir='ltr'><strong>ardente</strong></span> <span class='ocrx_word' id='word_1_212' title='bbox 739 2933 849 3014; x_wconf 91' lang='lat' dir='ltr'><strong>templo</strong></span> <span class='ocrx_word' id='word_1_213' title='bbox 875 2935 950 3014; x_wconf 87' lang='lat' dir='ltr'><strong>apud</strong></span> <span class='ocrx_word' id='word_1_214' title='bbox 972 2935 1114 2996; x_wconf 81' lang='lat' dir='ltr'><strong>aedituum</strong></span> 
     </span>
     <span class='ocr_line' id='line_1_30' title="bbox 74 3017 1114 3098; baseline 0.005 -25"><span class='ocrx_word' id='word_1_215' title='bbox 74 3031 102 3074; x_wconf 82' lang='lat' dir='ltr'><strong>at</strong></span> <span class='ocrx_word' id='word_1_216' title='bbox 113 3018 186 3080; x_wconf 87' lang='lat' dir='ltr'><strong>clam</strong></span> <span class='ocrx_word' id='word_1_217' title='bbox 201 3017 397 3098; x_wconf 84' lang='lat' dir='ltr'><strong>pernoctavit,</strong></span> <span class='ocrx_word' id='word_1_218' title='bbox 413 3035 448 3077; x_wconf 89' lang='lat' dir='ltr'><strong>ac</strong></span> <span class='ocrx_word' id='word_1_219' title='bbox 462 3033 545 3077; x_wconf 88' lang='lat' dir='ltr'><strong>ruane</strong></span> <span class='ocrx_word' id='word_1_220' title='bbox 560 3017 648 3079; x_wconf 89' lang='lat' dir='ltr'><strong>lsiaci</strong></span> <span class='ocrx_word' id='word_1_221' title='bbox 670 3019 781 3080; x_wconf 89' lang='lat' dir='ltr'><strong>celatos</strong></span> <span class='ocrx_word' id='word_1_222' title='bbox 802 3019 899 3080; x_wconf 88' lang='lat' dir='ltr'><strong>habitu</strong></span> <span class='ocrx_word' id='word_1_223' title='bbox 922 3021 1053 3098; x_wconf 89' lang='lat' dir='ltr'><strong>interque</strong></span> <span class='ocrx_word' id='word_1_224' title='bbox 1071 3037 1114 3079; x_wconf 89' lang='lat' dir='ltr'><strong>sa·</strong></span> 
     </span>
     <span class='ocr_line' id='line_1_31' title="bbox 113 3100 1114 3181; baseline -0.002 -18"><span class='ocrx_word' id='word_1_225' title='bbox 113 3101 260 3164; x_wconf 87' lang='lat' dir='ltr'><strong>cridculos</strong></span> <span class='ocrx_word' id='word_1_226' title='bbox 275 3117 369 3162; x_wconf 86' lang='lat' dir='ltr'><strong>vanae</strong></span> <span class='ocrx_word' id='word_1_227' title='bbox 385 3102 611 3181; x_wconf 87' lang='lat' dir='ltr'><strong>superstitionis,</strong></span> <span class='ocrx_word' id='word_1_228' title='bbox 630 3122 693 3164; x_wconf 90' lang='lat' dir='ltr'><strong>cum</strong></span> <span class='ocrx_word' id='word_1_229' title='bbox 709 3122 741 3163; x_wconf 87' lang='lat' dir='ltr'><strong>se</strong></span> <span class='ocrx_word' id='word_1_230' title='bbox 758 3113 837 3165; x_wconf 91' lang='lat' dir='ltr'><strong>trans</strong></span> <span class='ocrx_word' id='word_1_231' title='bbox 850 3100 976 3164; x_wconf 77' lang='lat' dir='ltr'><strong>Tiberim</strong></span> <span class='ocrx_word' id='word_1_232' title='bbox 991 3102 1027 3163; x_wconf 93' lang='lat' dir='ltr'><strong>ad</strong></span> <span class='ocrx_word' id='word_1_233' title='bbox 1046 3119 1114 3162; x_wconf 91' lang='lat' dir='ltr'><strong>con·</strong></span> 
     </span>
     <span class='ocr_line' id='line_1_32' title="bbox 111 3185 1173 3266; baseline -0.003 -17"><span class='ocrx_word' id='word_1_234' title='bbox 111 3185 246 3266; x_wconf 87' lang='lat' dir='ltr'><strong>discipuli</strong></span> <span class='ocrx_word' id='word_1_235' title='bbox 261 3185 304 3246; x_wconf 91' lang='lat' dir='ltr'><strong>sui</strong></span> <span class='ocrx_word' id='word_1_236' title='bbox 320 3193 441 3247; x_wconf 87' lang='lat' dir='ltr'><strong>matrem</strong></span> <span class='ocrx_word' id='word_1_237' title='bbox 459 3185 563 3246; x_wconf 89' lang='lat' dir='ltr'><strong>comite</strong></span> <span class='ocrx_word' id='word_1_238' title='bbox 577 3205 633 3250; x_wconf 88' lang='lat' dir='ltr'><strong>uno</strong></span> <span class='ocrx_word' id='word_1_239' title='bbox 646 3187 825 3266; x_wconf 88' lang='lat' dir='ltr'><strong>contulisset,</strong></span> <span class='ocrx_word' id='word_1_240' title='bbox 841 3188 880 3247; x_wconf 92' lang='lat' dir='ltr'><strong>ita</strong></span> <span class='ocrx_word' id='word_1_241' title='bbox 891 3187 981 3264; x_wconf 89' lang='lat' dir='ltr'><strong>latuit,</strong></span> <span class='ocrx_word' id='word_1_242' title='bbox 992 3195 1022 3246; x_wconf 93' lang='lat' dir='ltr'><strong>ut</strong></span> <span class='ocrx_word' id='word_1_243' title='bbox 1035 3204 1113 3246; x_wconf 87' lang='lat' dir='ltr'><strong>seru·</strong></span> <span class='ocrx_word' id='word_1_244' title='bbox 1171 3195 1173 3199; x_wconf 83' lang='grc'><strong>’</strong></span> 
     </span>
     <span class='ocr_line' id='line_1_33' title="bbox 110 3266 1113 3352; baseline -0.001 -21"><span class='ocrx_word' id='word_1_245' title='bbox 110 3271 238 3332; x_wconf 79' lang='lat' dir='ltr'><strong>tontibus</strong></span> <span class='ocrx_word' id='word_1_246' title='bbox 252 3271 299 3352; x_wconf 89' lang='lat' dir='ltr'><strong>qui</strong></span> <span class='ocrx_word' id='word_1_247' title='bbox 317 3270 441 3348; x_wconf 85' lang='lat' dir='ltr'><strong>vestigia</strong></span> <span class='ocrx_word' id='word_1_248' title='bbox 457 3266 604 3332; x_wconf 89' lang='lat' dir='ltr'><strong>subsecuti</strong></span> <span class='ocrx_word' id='word_1_249' title='bbox 620 3281 718 3350; x_wconf 92' lang='lat' dir='ltr'><strong>erant,</strong></span> <span class='ocrx_word' id='word_1_250' title='bbox 740 3269 918 3352; x_wconf 90' lang='lat' dir='ltr'><strong>deprehendi</strong></span> <span class='ocrx_word' id='word_1_251' title='bbox 943 3288 1000 3331; x_wconf 94' lang='lat' dir='ltr'><strong>non</strong></span> <span class='ocrx_word' id='word_1_252' title='bbox 1012 3279 1113 3350; x_wconf 79' lang='lat' dir='ltr'><strong>potue</strong></span> 
     </span>
     <span class='ocr_line' id='line_1_34' title="bbox 109 3352 1113 3436; baseline 0.001 -21"><span class='ocrx_word' id='word_1_253' title='bbox 109 3356 156 3415; x_wconf 96' lang='lat' dir='ltr'><strong>rit</strong></span> <span class='ocrx_word' id='word_1_254' title='bbox 178 3355 272 3416; x_wconf 57' lang='lat' dir='ltr'><strong>fl‘ost</strong></span> <span class='ocrx_word' id='word_1_255' title='bbox 285 3355 434 3414; x_wconf 74' lang='lat' dir='ltr'><strong>victoriam</strong></span> <span class='ocrx_word' id='word_1_256' title='bbox 449 3352 560 3414; x_wconf 91' lang='lat' dir='ltr'><strong>demum</strong></span> <span class='ocrx_word' id='word_1_257' title='bbox 576 3375 752 3436; x_wconf 88' lang='lat' dir='ltr'><strong>progressus</strong></span> <span class='ocrx_word' id='word_1_258' title='bbox 775 3365 803 3416; x_wconf 89' lang='lat' dir='ltr'><strong>et</strong></span> <span class='ocrx_word' id='word_1_259' title='bbox 819 3354 930 3416; x_wconf 79' lang='lat' dir='ltr'><strong>Caesar</strong></span> <span class='ocrx_word' id='word_1_260' title='bbox 953 3355 1113 3417; x_wconf 87' lang='lat' dir='ltr'><strong>consaluta-</strong></span> 
     </span>
     <span class='ocr_line' id='line_1_35' title="bbox 74 3437 1114 3540; baseline 0.004 -46"><span class='ocrx_word' id='word_1_261' title='bbox 74 3445 165 3517; x_wconf 84' lang='lat' dir='ltr'><strong>sotus,</strong></span> <span class='ocrx_word' id='word_1_262' title='bbox 183 3437 323 3500; x_wconf 82' lang='lat' dir='ltr'><strong>honorem</strong></span> <span class='ocrx_word' id='word_1_263' title='bbox 340 3447 495 3516; x_wconf 88' lang='lat' dir='ltr'><strong>praeturae</strong></span> <span class='ocrx_word' id='word_1_264' title='bbox 511 3439 639 3502; x_wconf 88' lang='lat' dir='ltr'><strong>urbanae</strong></span> <span class='ocrx_word' id='word_1_265' title='bbox 658 3442 804 3502; x_wconf 88' lang='lat' dir='ltr'><strong>consulari</strong></span> <span class='ocrx_word' id='word_1_266' title='bbox 819 3447 964 3518; x_wconf 75' lang='lat' dir='ltr'><strong>potestate</strong></span> <span class='ocrx_word' id='word_1_267' title='bbox 984 3439 1114 3540; x_wconf 89' lang='lat' dir='ltr'><strong>suscepit</strong></span> 
     </span>
     <span class='ocr_line' id='line_1_36' title="bbox 110 3522 1113 3603; baseline -0.001 -22"><span class='ocrx_word' id='word_1_268' title='bbox 110 3523 193 3585; x_wconf 89' lang='lat' dir='ltr'><strong>titulo</strong></span> <span class='ocrx_word' id='word_1_269' title='bbox 227 3530 339 3599; x_wconf 91' lang='lat' dir='ltr'><strong>tenus,</strong></span> <span class='ocrx_word' id='word_1_270' title='bbox 353 3524 462 3603; x_wconf 87' lang='lat' dir='ltr'><strong>(uam</strong></span> <span class='ocrx_word' id='word_1_271' title='bbox 453 3522 524 3582; x_wconf 86' lang='lat' dir='ltr'><strong>ruris</strong></span> <span class='ocrx_word' id='word_1_272' title='bbox 542 3526 696 3587; x_wconf 87' lang='lat' dir='ltr'><strong>dictionem</strong></span> <span class='ocrx_word' id='word_1_273' title='bbox 725 3525 759 3585; x_wconf 94' lang='lat' dir='ltr'><strong>ad</strong></span> <span class='ocrx_word' id='word_1_274' title='bbox 784 3524 927 3602; x_wconf 90' lang='lat' dir='ltr'><strong>collegam</strong></span> <span class='ocrx_word' id='word_1_275' title='bbox 953 3525 1113 3603; x_wconf 85' lang='lat' dir='ltr'><strong>proximum</strong></span> 
     </span>
     <span class='ocr_line' id='line_1_37' title="bbox 162 3606 943 3669; baseline -0.003 -1"><span class='ocrx_word' id='word_1_276' title='bbox 162 3629 317 3669; x_wconf 83' lang='lat' dir='ltr'><strong>suorontcs</strong></span> <span class='ocrx_word' id='word_1_277' title='bbox 905 3606 943 3667; x_wconf 84' lang='grc'><strong>16</strong></span> 
     </span>
    </p>
   </div>
   <div class='ocr_carea' id='block_1_4' title="bbox 0 0 1230 3872">
    <p class='ocr_par' dir='ltr' id='par_1_4' title="bbox 0 0 1230 3872">
     <span class='ocr_line' id='line_1_38' title="bbox 0 0 1230 3872; baseline 0 0"><span class='ocrx_word' id='word_1_278' title='bbox 0 0 1230 3872; x_wconf 95' lang='lat' dir='ltr'><strong> </strong></span> 
     </span>
    </p>
   </div>
  </div>
 </body>
</html>
