2412 3876
110 223 131 284 6
192 231 221 282 c.
242 229 394 280 suuuoru
415 230 544 291 usuro.
560 227 608 278 rm
624 230 707 280 urm
724 231 909 281 causacum
926 234 995 282 um.
1017 235 1042 282 1.

112 408 187 470 quos
202 388 341 469 placitum
356 396 450 464 esset,
474 386 641 450 dictaturam
665 385 789 449 Crassus
810 388 978 468 invaderet,
1002 391 1067 469 ipse
1083 389 1120 450 ab

70 543 71 546 Ἴ
112 493 149 536 eo
166 473 306 553 magister
322 475 448 552 equitum
464 470 626 550 diceretur,
643 475 855 552 constitutaque
869 472 905 534 ad
923 474 1071 534 arbitrium
1086 493 1119 534 re

111 559 247 639 publica,
269 557 368 619 Sullae
385 565 414 616 et
430 555 574 617 Autronio
593 556 759 617 consulatus
780 559 990 618 restitueretur.
1019 559 1118 620 Memi-

110 652 214 704 nerunt
228 642 312 711 buius
327 642 535 702 coniurationis
549 641 689 702 Tanusius
700 641 837 703 Geminus
849 643 877 702 in
890 642 1026 719 historia,
1043 643 1118 704 blar-

111 747 163 790 cus
178 726 299 788 Bibulus
314 729 343 786 in
357 725 478 802 edictis,
495 723 528 786 G.
542 723 630 787 Curio
641 735 726 805 pater
744 728 772 787 in
788 726 977 788 orationibus.
1006 727 1051 803 De
1065 727 1145 787 baca

110 813 279 892 siguificare
300 811 413 872 videtur
434 819 463 870 et
479 808 603 888 Cicero,
629 813 658 870 in
679 811 855 890 quadam-ad
870 810 974 872 Axium
993 812 1119 891 epistula

109 898 262 977 referens,
274 895 433 959 Caesarem
448 897 477 954 iu
489 895 640 956 consulatu
654 897 841 966 confirmasse
857 914 994 975 regnum,
1007 895 1043 956 de
1060 913 1118 976 quo

109 982 213 1044 aedilis
236 983 389 1064 cogitarat.
419 979 560 1040 Tanusius
585 980 689 1056 adicit,
713 979 849 1041 Crassum
871 983 1046 1060 paenitentia
1070 980 1119 1041 vel

110 1075 187 1128 metu
204 1065 280 1126 diem
298 1065 379 1126 caedi
394 1065 565 1126 destinatum
579 1082 638 1126 non
655 1064 771 1142 obisse,
790 1065 945 1126 etidcirco
961 1067 1118 1127 ueGaesa-
1203 1059 1204 1084 ³

110 1169 173 1211 rem
189 1151 303 1228 quidem
324 1150 453 1227 siguum,
472 1149 551 1228 quod
568 1149 604 1210 ab
626 1166 662 1209 eo
683 1149 744 1209 dari
766 1145 959 1229 convenerat,
982 1150 1154 1219 dedisse31o
1203 1209 1204 1220 ἶ

112 1235 288 1296 convenisse
310 1242 405 1294 autem
426 1233 514 1294 Curio
542 1235 597 1310 ait,
624 1242 652 1292 ut
674 1243 773 1312 togam
794 1232 830 1294 de
854 1252 953 1295 umero
977 1233 1118 1296 deiceret.
1203 1223 1204 1294 l

110 1320 191 1380 ldem
210 1315 298 1379 Curio
315 1317 367 1378 sed
385 1327 414 1378 ct
434 1317 472 1379 ll.
489 1316 628 1390 Actorius
642 1317 722 1379 Naso
739 1328 875 1380 auctores
897 1328 979 1397 sunt,
1002 1319 1119 1400 conspi·
1203 1311 1204 1376 ξ

111 1421 194 1464 rasso
210 1421 275 1464 eum
292 1405 378 1463 etiam
394 1420 458 1462 cum
474 1401 574 1464 Gnaeo
586 1403 693 1464 Pisone
715 1403 921 1481 adulescente,
945 1406 988 1465 cui
1012 1404 1049 1464 ob
1073 1423 1120 1464 su·

112 1489 276 1568 spicionem
301 1487 430 1547 urbanae
462 1488 668 1548 coniurationis
694 1489 844 1568 provincia
869 1488 1008 1568 Hispania
1041 1487 1118 1548 ultro
1203 1513 1204 1516 ¹

112 1581 195 1633 extra
210 1572 340 1632 ordinem
362 1569 427 1632 data
445 1572 494 1641 sit;
514 1581 706 1652 partumque,
732 1581 762 1632 ut
780 1572 863 1633 simul
878 1573 952 1633 foris
969 1572 1035 1651 alle,
1054 1573 1153 1652 ipseo
1203 1583 1204 1660 p

110 1659 223 1718 Rornae
234 1656 271 1718 ad
282 1676 331 1716 res
343 1673 435 1718 novas
449 1666 676 1735 consurgerent,
689 1673 744 1736 per
755 1656 919 1717 Ambranos
932 1667 962 1718 et
973 1657 1119 1736 Transpa-

114 1742 222 1810 danos;
239 1743 405 1804 destitutum
419 1741 570 1820 utriusque
585 1742 736 1803 consilium
751 1751 845 1802 morte
861 1741 985 1802 Pisonis.

69 1835 102 1886 10
175 1825 289 1887 Aedilis
312 1835 430 1905 praeter
458 1827 603 1886 comitium
631 1845 666 1888 ac
690 1826 785 1887 iorum
813 1825 1010 1906 basilicasque
1035 1827 1121 1886 etiam

111 1909 288 1990 Capitolium
303 1911 417 1972 ornavit
433 1907 594 1989 porticibus
609 1911 645 1972 ad
659 1919 774 1990 tempus
792 1911 952 1988 extructis,
968 1912 997 1970 iu
1014 1910 1120 1991 quibus
1145 1929 1147 1932 ·

110 1995 273 2058 abundante
295 1991 392 2056 rerum
410 1995 496 2074 copia
517 2011 585 2073 pars
605 2004 763 2074 apparatus
785 2005 992 2075 exponeretur.
1023 1997 1154 2056 Vena-ro

110 2081 205 2139 tiones
232 2089 328 2140 autem
347 2079 491 2159 ludosque
516 2088 545 2138 et
567 2097 630 2139 cum
653 2079 771 2158 collega
793 2088 822 2140 ct
843 2081 999 2158 separatim
1018 2078 1121 2154 edidit,

111 2179 169 2242 quo
192 2163 381 2241 factumest,
412 2173 442 2224 ut
467 2165 655 2244 communium
684 2181 801 2243 quoque
827 2165 1013 2242 inpensarum
1039 2163 1122 2224 solus

97 2247 234 2324 gratiam
251 2257 386 2326 caperet,
408 2265 464 2308 nco
481 2246 677 2308 dissimularet
693 2248 810 2326 collega
823 2250 885 2308 cius
902 2249 1019 2310 Marcus
1034 2247 1121 2308 Bibu-
1203 2311 1204 2318 χ

110 2330 172 2408 lus,
197 2331 335 2392 euenisse
355 2331 418 2393 sibi
435 2331 519 2411 quod
529 2330 666 2393 Polluci:
683 2340 718 2393 ut
732 2331 810 2393 euim
819 2332 949 2412 pecuinis
961 2331 1122 2410 frutribus
1203 2331 1204 2334 ’

111 2415 206 2476 cedes
228 2417 261 2476 irc
279 2414 352 2494 foro
370 2409 536 2480 constituta
559 2422 676 2477 tuntum
694 2413 838 2478 Castoris
865 2424 1049 2492 uocaretur,
1075 2417 1156 2476 itura

110 2517 200 2562 suum
214 2499 426 2580 Caesarisque
439 2501 678 2579 munificentiam
692 2502 784 2562 unius
801 2499 954 2562 caesuras
968 2501 1041 2562 dici.
1063 2501 1122 2560 Ad·

110 2584 179 2644 iecit
193 2587 315 2664 insuper
328 2583 438 2646 Caesar
457 2587 543 2646 etiarn
554 2585 758 2664 gladiatorium
773 2603 891 2663 munus,
908 2584 961 2646 sed
972 2584 1122 2664 aliquanto

111 2668 299 2746 paucioribus
324 2687 409 2746 quam
426 2668 623 2731 destinaverat
644 2669 776 2748 paribus;
801 2687 866 2730 uam
890 2689 953 2730 cum
970 2669 1122 2748 multiplici
1203 2713 1204 2740 ι

109 2751 237 2832 undiquc
266 2752 376 2813 familia
410 2762 578 2832 comparata
604 2755 737 2815 inimicos
766 2756 974 2832 exterruisset,
1009 2761 1123 2814 cautum
1203 2749 1204 2826 l

110 2845 155 2896 est
177 2836 214 2897 de
237 2853 356 2898 numero
369 2837 578 2915 gladiatorum,
593 2855 651 2917 quo
663 2855 700 2898 ne
712 2838 852 2899 maiorem
865 2841 998 2918 cuiquam
1009 2834 1172 2901 babercao¹
1203 2877 1204 2880 ι

107 2921 219 2981 Romae
233 2921 345 2982 liceret.
964 2921 965 2924 ’

65 3031 99 3084 11
177 3004 340 3067 Conciliato
360 3006 463 3086 populi
485 3006 588 3067 favore
610 3009 761 3087 temptavit
783 3025 837 3086 par
859 3017 971 3086 partem
992 3006 1123 3066 tribuno-

111 3108 191 3166 rum,
208 3097 240 3150 ιιι
254 3089 308 3150 sibi
321 3089 477 3171 Aegyptus
494 3093 645 3170 provincia
662 3091 833 3171 plebiscito
850 3091 983 3166 daretur,
1000 3084 1122 3153 nanctus

110 3174 331 3235 extraordinarii
354 3175 469 3256 imperii
484 3177 687 3251 occasionem,
712 3175 790 3254 quod
807 3173 999 3238 Alexandrini
1017 3193 1122 3253 regem

109 3275 191 3318 suum
206 3261 316 3319 socium
333 3269 420 3338 atque
439 3260 559 3320 amicum
576 3278 593 3320 a
608 3269 711 3320 senatu
732 3259 913 3339 appellatum
934 3258 1119 3338 expulerant,
1130 3271 1155 3312 aa
1203 3311 1204 3316 ,

61 3381 66 3389 -
108 3359 219 3420 resque
235 3343 326 3419 vulgo
341 3342 562 3422 improbabatur.
592 3343 657 3404 Nec
672 3345 795 3405 obtinuit
810 3344 983 3407 adversante
999 3344 1123 3422 optima-

108 3427 178 3485 tium
199 3426 344 3502 factione,
368 3443 489 3504 quorum
507 3429 709 3488 auctoritatem
726 3438 756 3488 ut
779 3427 882 3506 quibus
905 3437 1008 3508 posset
1026 3427 1123 3488 modis

156 3510 251 3568 vicem
273 3509 467 3588 deminueret,
496 3518 618 3590 tropaea
640 3512 692 3573 Gai
710 3513 782 3573 illari
809 3511 845 3572 de
866 3511 1003 3590 Iugurtha
1025 3511 1122 3591 deque
