2438 3872
38 225 42 233 ¹
115 151 177 214 266
370 162 400 212 o.
413 163 604 213 suunomus
622 163 866 224 rumpendus

116 319 326 394 inscribuntur,
358 335 534 396 componere
552 319 687 395 instituit,
707 319 892 397 absolvitque
909 317 932 379 C
951 327 980 379 et
998 317 1038 395 b,
1063 319 1138 397 qui·

119 404 172 462 bns
189 411 219 462 et
242 401 316 461 alios
336 400 444 460 diversi
468 403 569 479 operis
585 410 686 481 postea
708 401 823 462 addidit.
859 401 943 462 Fecit
965 411 994 461 et
1017 419 1119 461 novum
1203 397 1206 418 ‘

53 484 63 495 “
118 504 211 565 genus
223 493 385 561 togatarum
397 481 601 564 inscripsitque
616 484 818 547 trabeatus.

75 573 111 626 22
182 570 220 630 bl.
236 569 412 646 Pomponius
432 568 605 646 Marcellus,
628 571 769 628 sermonis
785 568 876 628 Latini
897 577 1018 628 exactor
1032 567 1119 626 mole·

119 655 276 729 stissimns,
299 654 328 712 in
353 652 543 713 advocatione
565 652 686 731 quadam
706 654 786 731 (nam
806 650 947 712 interdum
967 661 996 712 et
1020 667 1141 710 cansast

120 737 242 815 agebat)
265 736 470 797 soloecismum
493 736 530 795 ab
551 737 720 798 adversario
740 737 845 796 lactum
871 735 1056 813 usqueadeo
1077 753 1119 794 ar·

119 839 211 900 gnere
239 823 458 899 perseveravit,
485 821 580 900 quoad
604 819 724 881 Cassius
754 821 899 896 Severus,
928 815 1120 897 interpellatis

118 905 276 980 iudicibus,
298 903 464 965 dilationem
479 907 577 982 petiit,
601 914 630 964 ut
651 905 778 980 litigator
799 921 866 964 suns
881 903 966 966 alium
982 919 1121 978 gramma·

119 992 206 1049 ticum
228 987 394 1055 adbiberet;
417 987 541 1068 quoodo
558 1006 619 1049 corr
638 993 732 1066 potat
747 988 776 1047 is
790 1004 858 1048 cum
875 985 1064 1046 adversario
1086 984 1124 1044 de

119 1073 188 1132 tare
202 1071 280 1147 sibi,
295 1071 354 1132 sed
367 1072 405 1132 de
419 1071 601 1134 soloecismo
616 1072 858 1132 controversiam
877 1069 1026 1148 fetorem.
1068 1068 1123 1128 llic
1133 1087 1155 1128 rc

118 1156 213 1231 idem,
240 1174 303 1216 cum
325 1158 507 1216 exoratione
522 1155 667 1215 l'ibcrium
688 1153 939 1233 reprehendisset,
963 1154 1123 1214 allirmantc

120 1240 208 1299 Ateio
229 1237 387 1317 Capitone,
414 1248 443 1298 et
459 1258 526 1299 esse
542 1238 613 1298 illud
631 1238 778 1315 Latinum,
802 1248 831 1299 et
849 1241 873 1300 si
894 1256 951 1298 non
971 1247 1065 1312 esset,
1080 1237 1143 1295 fu?

121 1334 213 1384 turam
225 1331 304 1380 certe
317 1323 372 1381 iam
383 1321 464 1382 inde:
481 1321 626 1383 Mentitur
637 1324 727 1400 inquit
740 1321 851 1402 Capito
859 1347 875 1394 ,·
886 1327 919 1382 tu
936 1321 1024 1396 caios,
1042 1319 1122 1380 Cae·
1146 1395 1147 1399 Ἰ
1205 1325 1206 1378 l

120 1424 193 1482 sor,
223 1405 376 1466 civitatem
395 1406 473 1468 dore
490 1413 583 1485 potes
608 1405 796 1482 bominibus,
818 1405 915 1467 verbo
942 1410 1121 1483 conpotes.

120 1489 252 1567 Pugilem
267 1489 335 1550 olim
349 1491 457 1567 fuisse,
473 1490 590 1551 Asinius
606 1490 704 1551 Gallus
719 1490 897 1550 bodincum
915 1491 1121 1568 epigrammate
1136 1509 1157 1547 rs

123 1573 263 1634 ostendit:

248 1659 303 1728 Qui
317 1667 425 1733 caput
438 1662 483 1716 cd
493 1661 600 1719 lesam
616 1663 720 1731 didicit,
736 1661 898 1732 plessemcte
910 1661 986 1718 nobas

315 1745 468 1816 Praecipit:
483 1747 643 1816 oscellum,
659 1747 702 1800 vel
709 1747 801 1816 potius
812 1747 930 1816 pupilis!

78 1833 114 1889 23
185 1825 219 1900 Q.
231 1825 377 1885 Remmius
387 1823 559 1902 Palaemon,
572 1826 742 1900 vicetinus,
757 1823 883 1883 mulieris
895 1841 1001 1900 verna,
1022 1825 1126 1900 primo,

122 1919 152 1969 ut
166 1909 278 1985 ierunt,
300 1909 471 1983 textrinum,
489 1907 591 1968 deinde
606 1908 728 1968 herilem
744 1907 830 1966 lilium
849 1906 914 1966 duum
931 1907 1083 1966 comitatur
1099 1908 1162 1966 inco

121 1993 268 2070 scholam,
291 1992 402 2051 litterae
426 1990 532 2052 didicit.
567 1991 673 2052 Postea
693 1992 882 2051 manumissus
905 1991 1002 2050 docuit
1015 1990 1128 2050 Romae

122 2095 157 2135 ao
173 2078 334 2154 principem
348 2075 444 2135 locum
458 2077 531 2134 inter
547 2078 750 2153 grammaticos
770 2076 878 2151 tenuit,
902 2091 1064 2154 quanquam
1086 2074 1128 2131 in-

121 2159 205 2218 famis
228 2159 358 2219 omnibus
379 2160 471 2236 vitiis,
499 2159 650 2238 palamque
674 2168 703 2218 et
722 2158 839 2219 l'iberio
864 2167 893 2218 et
915 2175 983 2218 mox
1006 2155 1129 2218 Claudio
1205 2175 1206 2178 ¹

123 2241 371 2320 praedicantibus,
399 2243 513 2304 oemioi
531 2244 632 2303 minos
650 2241 869 2303 institutionem
884 2259 1055 2322 puerorum
1080 2239 1132 2300 oel

122 2327 263 2387 ieoeoom
277 2326 529 2387 committendam.
560 2327 619 2385 Sed
635 2325 770 2406 capiebat
785 2325 918 2400 homines
939 2344 1002 2385 cum
1019 2325 1167 2384 memo-ss
1204 2327 1206 2378 l

122 2413 165 2470 ria
181 2429 292 2487 rerum,
314 2419 372 2470 tum
387 2410 526 2470 facilitate
546 2411 706 2480 sermonis;
727 2428 783 2470 nec
806 2428 865 2470 non
886 2412 971 2470 etiam
994 2417 1133 2488 poemata
1205 2445 1206 2454 κ

122 2493 250 2555 iaciebat
275 2513 313 2554 ex
333 2503 475 2572 tempore.
509 2494 634 2570 Scripsit
657 2511 728 2553 vero
748 2495 856 2571 variis,
878 2489 933 2553 nsic
956 2492 1133 2570 vulgaribus

60 2599 66 2609 ·
126 2580 233 2637 metris.
268 2576 444 2654 Arrogantia
468 2575 520 2636 luit
535 2585 629 2652 tanta,
650 2586 680 2636 ut
694 2577 732 2638 Μ.
749 2578 912 2638 Varronem
931 2595 1061 2655 porcum
1079 2594 1132 2654 ap·

128 2659 265 2738 pellaret;
281 2678 382 2722 securo
398 2668 427 2721 ct
440 2667 534 2722 cotos
553 2667 581 2721 et
594 2661 764 2721 morituros
781 2660 904 2721 litteras
918 2663 1053 2728 iactaret.-
1072 2677 1132 2720 oo-

123 2761 189 2803 meo
199 2761 288 2803 suom
296 2744 328 2803 ic
338 2743 495 2806 Bucolicis
505 2763 568 2806 coo
577 2751 688 2805 temere
694 2745 841 2824 positum,
852 2743 911 2804 sed
915 2749 1170 2824 prcesoqonteso

128 2825 271 2905 Virgilio,
290 2825 363 2904 fore
378 2829 562 2908 quandoque
575 2829 708 2889 omnium
718 2835 884 2908 poetaram
901 2845 941 2888 oc
952 2835 1136 2907 pecccatum

123 2909 336 2972 Palaemonem
348 2910 487 2971 iudicem.
516 2910 1136 2991 Gloriabaturetiam,latronesqoondam

121 2992 185 3054 sibi
201 3000 332 3073 propter
352 2995 484 3055 comicis
508 2994 716 3056 celebritatem
729 2996 882 3073 porsissc.
921 2995 1067 3056 Luxuriae
1092 2995 1136 3053 ita

123 3077 254 3154 indulsit,
276 3087 305 3137 ut
320 3080 437 3157 saepius
453 3082 481 3139 in
498 3075 547 3140 die
564 3080 693 3155 lavaret,
712 3098 768 3138 nec
783 3081 932 3140 subiceret
956 3077 1150 3158 sumptibus,‘

53 3179 284 3240 easquanquam
311 3180 353 3227 ex.
370 3161 471 3224 schola
494 3163 690 3241 quadringena
718 3181 809 3222 annua
839 3171 977 3240 caperet,
1005 3181 1041 3223 ac
1072 3177 1174 3221 nonst

122 3243 211 3304 multo
226 3247 317 3306 minue
332 3264 370 3306 cx
391 3264 423 3305 re
441 3247 571 3308 familiari
578 3271 585 3315 ;
609 3245 691 3308 cuius
713 3245 949 3324 diligentissimus
966 3255 1043 3322 erat,
1068 3263 1137 3306 cnm

122 3335 152 3386 et
168 3327 302 3388 cilicinas
323 3330 545 3407 promercalium
561 3333 681 3390 vestium
700 3339 873 3407 exerceret,
895 3339 925 3389 st
946 3347 1037 3406 agros
1056 3328 1136 3389 adeo

124 3407 252 3486 coleret,
279 3419 309 3469 nt
332 3412 418 3470 vitem
444 3431 527 3471 manu
550 3415 612 3472 eius
638 3415 750 3473 insitam
772 3414 843 3473 satis
865 3421 981 3472 constet
1003 3410 1137 3473 CCCLX
1205 3409 1206 3416 ’
