2444 3872
9 307 13 356 l

52 400 134 465 pone
155 383 321 461 occipitium
347 381 543 443 summissiore
563 389 595 441 nt
618 381 763 440 cervicem
782 379 868 440 etiam
894 377 1059 457 obtegeret,

9 473 10 482 ’
53 466 136 548 quod
152 467 263 544 gentile
280 468 309 526 in
328 466 379 527 illo
401 465 567 534 ridebatur;
591 464 668 524 facie
687 463 821 540 honesta,
844 464 873 521 in
891 480 947 541 qua
963 472 1061 525 tamen

54 550 154 613 crebri
176 559 205 609 et
227 548 312 610 subiti
337 559 483 627 tumores,
507 565 571 609 cunr
593 546 823 628 praegrandibus
839 547 932 607 oculis
950 555 980 606 et
1000 547 1059 626 qui,

52 635 135 716 quod
155 635 256 694 mirum
278 644 369 711 esset,
393 641 480 695 noctu
504 635 589 692 etiam
611 641 640 692 et
656 630 829 692 intenebris
844 631 987 708 viderent,
1007 629 1060 691 sed

9 751 11 782 t
29 718 92 779 tad
114 717 206 778 breve
229 727 258 777 et
280 736 344 778 curn
365 719 486 798 primum
506 735 523 777 a
546 733 648 777 somno
672 717 847 795 patuisseut;
871 713 976 777 deinde
998 734 1059 775 rur·

9 797 10 802 ’
52 820 117 864 sum
139 800 349 861 hebescebant.
380 800 541 862 Incedebat
564 800 682 860 cervice
704 800 797 878 rigida
823 808 852 860 et
868 798 993 878 obstipa,
1011 798 1066 859 ad-'

52 885 142 946 dncto
172 885 236 945 iere
264 885 358 963 vultu,
387 885 559 964 plerumque
586 885 709 962 tacitus,
739 883 819 944 nnllo
841 892 890 944 ant
912 884 1060 944 rarissimo

53 972 140 1031 etiam
174 986 237 1029 cum
265 970 405 1048 proximis
428 980 564 1028 sernmne
592 984 689 1046 eoque
712 968 892 1046 tardissimo,
913 986 971 1027 nec
997 969 1061 1027 sine

52 1053 135 1115 nrolli
157 1052 278 1130 quadam
300 1051 456 1130 digitorum
473 1051 707 1131 gesticulatione.
738 1053 820 1128 Quae
837 1054 931 1113 onmia
948 1052 1072 1136 ingrata

19 1146 142 1217 statque
163 1138 349 1213 arrogantiae
372 1136 459 1216 plena
482 1145 510 1197 et
532 1135 731 1196 animadvertit
750 1138 900 1214 Augustus
920 1137 949 1195 in
972 1153 1008 1196 eo
1031 1144 1061 1196 et

52 1237 198 1284 excusare
219 1221 368 1299 temptavit
391 1239 482 1300 saepe
505 1219 582 1300 apud
604 1229 734 1280 senatum
756 1239 791 1281 ac
811 1220 979 1300 populum,'
992 1237 1060 1300 pro·

50 1305 151 1367 fessus
173 1311 292 1384 npturae
315 1304 384 1365 vitia
406 1322 491 1382 esse,
521 1321 580 1363 non
602 1305 696 1364 animi.
731 1304 898 1364 Valitndine
920 1321 1059 1383 prosper·
1090 1301 1213 1380 “lirant

9 1449 10 1470 ,
50 1391 125 1450 rima
153 1405 223 1447 neus
252 1396 316 1466 est,
344 1397 478 1466 tempore
510 1387 624 1466 quidem
654 1388 835 1467 principatus
869 1383 964 1467 paene
997 1397 1059 1448 toto
1101 1398 1108 1416 ⁹

9 1495 10 1512 ³
51 1489 150 1554 prope
177 1470 304 1546 inlaesa,
334 1475 464 1550 quamvis
487 1490 503 1533 a
526 1473 674 1532 tricesimo
700 1473 804 1532 aetatis
825 1489 901 1532 anno
922 1471 1061 1532 arbitratu

9 1555 118 1622 tusam
142 1572 196 1615 sno
218 1556 329 1615 rexerit
350 1556 415 1615 sine
437 1555 601 1616 adnnente
623 1555 785 1615 consiliove
807 1556 995 1616 medicorum.

116 1638 202 1701 Circa
224 1638 297 1700 deos
319 1657 355 1700 ao
376 1638 536 1717 religiones
558 1639 774 1720 neglegentior,
798 1641 907 1719 quippe
930 1639 1060 1700 addictus
1068 1657 1102 1714 59

9 1731 11 1740 ³
51 1723 272 1785 mathematicae
294 1723 458 1802 plenusque
480 1725 694 1802 persuasionis,
718 1733 820 1784 cuncta
841 1723 904 1784 fato
920 1724 979 1802 agi.
1003 1722 1081 1783 Το-,

51 1810 145 1868 nitrna
177 1815 271 1866 tamen
305 1815 424 1886 praeter
450 1807 566 1868 modum
597 1807 816 1887 expavescebat
844 1817 874 1868 et
901 1807 1060 1868 turbatiore

53 1890 138 1952 eaelo
155 1907 309 1968 numquam
329 1908 388 1950 non
409 1908 548 1952 coronam
567 1892 695 1952 lauream
713 1893 810 1971 capite
827 1893 963 1970 gestavit,
983 1889 1061 1969 quod

20 1975 172 2034 toinlmine
195 1973 288 2034 aillari
309 1984 435 2052 negetur
454 1975 483 2035 id
504 1994 598 2054 genus
620 1974 742 2036 frondis.
1209 2023 1213 2030 .

9 2133 10 2138 ἵ
112 2058 203 2118 Artes
235 2057 374 2119 liberales
395 2061 543 2139 utriusque
570 2061 689 2139 generis
718 2059 929 2122 studiosissime
959 2057 1103 2126 coluitto

50 2143 84 2204 ln
111 2143 244 2202 oratione
264 2143 363 2203 Latina
391 2153 509 2204 secutus
530 2153 575 2204 est
594 2143 749 2218 Coruinum
770 2145 941 2222 blessalam,
974 2162 1061 2223 quem
1097 2125 1189 2204 tbi-¹

10 2255 11 2260 1
52 2243 153 2288 senem
176 2224 352 2286 adulescens
372 2227 553 2289 observarat.
585 2228 644 2288 Sed
665 2229 862 2290 adfectatione
885 2238 914 2288 et
937 2229 1059 2289 morosi·
1097 2253 1100 2261 ·

9 2357 14 2380 ἶ,
51 2319 113 2372 tate
127 2309 214 2370 nimia
232 2309 409 2372 obscurabat
426 2311 532 2390 stilum,
553 2323 583 2372 ut
601 2311 749 2392 aliquanto
768 2332 805 2374 ex
823 2322 956 2392 tempore
975 2331 1060 2392 quam

17 2413 69 2456 aea
100 2411 169 2454 eura
195 2397 389 2472 praestantior
409 2395 574 2456 haberetur.
605 2396 776 2476 Composuit
802 2406 831 2457 et
854 2415 968 2458 carmen
991 2398 1059 2473 lyri-

53 2496 135 2555 curn,
164 2479 245 2538 cuius
268 2489 313 2539 est
334 2479 432 2540 titulus
456 2477 642 2560 Conquestio
662 2481 701 2541 de
721 2488 819 2543 morte
837 2479 872 2541 L.
897 2480 1058 2542 Caesaris.

50 2561 137 2624 Fecit
154 2570 184 2622 et
202 2560 313 2622 Graeca
335 2572 469 2644 poemata
492 2565 616 2626 imitatus
632 2564 852 2644 Euphorionem
874 2573 903 2624 et
918 2565 1059 2626 Rhianum

52 2655 83 2707 et
105 2645 304 2724 Parthenium,
328 2646 431 2728 quibus
454 2649 551 2726 poetis
565 2649 724 2710 ‘admodum
747 2648 924 2726 delectatus,
950 2651 1069 2730 scripta

53 2730 179 2792 omnium
209 2739 238 2790 et
266 2733 407 2808 imagines
436 2732 562 2809 publicis
585 2733 772 2794 bibliothecis
794 2734 870 2793 inter
890 2742 1007 2794 ueteres
1030 2742 1060 2794 et

18 2815 232 2895 ”praecipuos
255 2823 392 2876 auctores
414 2815 567 2893 dedicavit,
591 2826 621 2877 et
643 2815 681 2878 ob
704 2817 761 2878 hoc
784 2817 918 2896 plerique
933 2818 1058 2878 erudito·

50 2917 114 2959 rum
130 2900 261 2958 certatim
276 2898 312 2960 ad
336 2919 399 2960 eum
418 2900 506 2961 multa
525 2900 562 2960 de
577 2902 621 2961 his
639 2900 797 2961 ediderunt.
823 2901 946 2962 blaxime
963 2911 1059 2962 tamen

52 2980 166 3043 curarit
186 2983 316 3044 notitiam
338 2983 478 3045 historiae
500 2974 648 3045 fabularis*
660 3003 753 3064 usque
776 2985 812 3046 ad
827 2987 953 3065 ineptias
973 2995 1058 3065 atque

51 3065 196 3135 derisum;
219 3085 285 3127 nam
307 3077 337 3129 et
359 3069 580 3146 grammaticos,
604 3069 683 3148 qnod
704 3087 798 3147 genus
814 3071 959 3132 bominum
974 3089 1057 3150 prae·

51 3151 150 3230 cipue,
172 3159 205 3210 ut
226 3151 358 3231 diximus,
380 3151 548 3231 appetebat,
571 3155 632 3213 eins
653 3154 731 3215 modi
753 3155 816 3217 iere
841 3154 1059 3233 quaestionibus

9 3233 276 3314 ,inexperiebatum
306 3253 387 3316 quoe
406 3243 507 3298 maier
528 3235 692 3314 llecubne,
715 3239 800 3318 quod
818 3237 934 3300 Achilli
950 3255 1059 3299 nomeu

49 3318 133 3380 inter
151 3318 289 3397 virgineo
310 3319 439 3399 inisset,
463 3321 539 3401 quid
551 3320 678 3382 Sirenes
692 3329 821 3384 contere
841 3323 903 3384 siret
924 3321 1058 3383 solitae?

9 3479 10 3482 Ἴ
49 3401 89 3463 Et
112 3420 171 3481 quo
194 3405 315 3482 primum
337 3404 382 3464 die
402 3414 470 3486 post
492 3424 644 3466 excessum
658 3407 782 3484 Augusti
805 3408 912 3467 curiam
933 3405 1057 3481 intravit,

51 3487 137 3567 quasi
172 3486 274 3567 pietati
312 3488 396 3550 simul
426 3507 462 3549 ac
496 3489 632 3567 religioni
665 3491 735 3552 satis
767 3490 912 3566 facturus,
953 3489 1058 3550 llinois

9 3841 11 3868 l

470 225 642 304 pronepos.
999 213 1057 273 115

853 3572 895 3634 8*
