2412 3876
474 99 494 139 'a

119 217 167 280 ’16
217 232 246 281 0.
263 233 411 282 SUETONI
427 233 551 294 TRANQ.
566 233 613 280 Du
628 231 711 280 VITA
725 230 908 282 CAESARUM
924 230 991 280 LlB.
1007 232 1030 277 1.

123 387 266 463 peiusque
279 386 478 461 confugerant,
497 387 713 463 quamprimum
729 384 951 444 transfretaturi.
982 380 1043 442 Hos
1062 381 1120 442 fru-

124 477 182 527 stra
204 486 257 546 per
277 471 367 532 omnis
385 485 478 528 moras
495 469 575 528 exitu
591 467 748 545 prohibere
768 475 904 544 conatus,
926 465 1044 524 Romam
1062 466 1120 525 iter

123 552 269 612 convertit
289 551 500 629 appellatisque
518 551 554 610 de
575 550 738 628 republica
758 549 906 628 patribus,
928 548 1118 608 validissimas

121 631 242 711 Pompei
267 635 385 710 copias,
414 651 487 711 quae
511 633 562 693 sub
587 633 678 712 tribus
701 633 806 710 legatis
832 629 868 691 tl.
891 631 1011 692 Petreio
1035 641 1065 691 et
1087 631 1117 691 L.

121 715 244 776 Afranio
261 726 290 776 et
305 715 343 792 llll.
359 715 492 776 Varrone
511 718 540 775 in
556 715 691 795 Hispania
708 725 806 793 eraut,
825 717 930 784 invasit
937 757 946 792 ,
965 715 1144 794 professuss

122 807 188 858 ante
209 802 285 859 inter
306 817 393 876 suos,
404 820 405 824 ¹
416 803 462 862 ire
475 817 507 860 se
527 802 567 860 ud
586 803 749 862 exereitum
764 803 827 860 sine
841 801 976 870 delesset
988 801 1058 860 facte
1072 817 1118 860 re·

121 901 275 944 versorum
301 883 344 960 ad
370 885 472 944 ducem
497 887 561 944 sine
589 886 731 944 exercita.
780 881 817 940 Et
847 900 1013 959 quamquam
1039 883 1117 940 obsi-

120 965 206 1025 dione
224 964 386 1042 Massiliae,
409 965 555 1043 quaesibi
574 966 604 1024 in
623 967 728 1025 itinere
743 965 1023 1044 portasclauserat,
1044 985 1118 1026 suru-

117 1071 220 1133 maque
247 1055 451 1115 frumentariae
476 1056 519 1112 rei
546 1052 888 1132 paenuriaretardapte,
918 1051 1000 1112 brevi
1025 1059 1122 1112 tamen
1204 1103 1205 1128 ἶ

47 1147 103 1215 3¹2·
118 1138 213 1198 omnia
238 1137 362 1214 subegit.
405 1137 480 1198 llinc
503 1137 574 1196 urbe
596 1139 733 1216 repetita,
757 1139 786 1197 in
808 1136 1006 1198 Macedoniarn
1029 1145 1157 1196 trans-n

118 1239 250 1300 gressus,
268 1221 446 1300 Pompeium,
463 1239 518 1301 per
535 1231 668 1301 quattuor
685 1239 778 1300 paene
794 1239 909 1282 menses
925 1222 1056 1290 maximis
1070 1220 1121 1280 ob·

118 1323 230 1366 sessum
254 1305 409 1384 operibus,
435 1305 470 1366 ad
492 1315 650 1365 extremum
672 1305 839 1367 Pharsalico
862 1305 973 1385 praelio
998 1304 1069 1364 fudit
1093 1300 1129 1363 et'

118 1389 276 1467 fugientem
293 1389 499 1450 Alexandriam
522 1399 709 1468 persecutus,
727 1399 757 1449 ut
773 1390 901 1450 occisum
911 1387 1121 1468 deprehendit,

118 1492 184 1534 cum
199 1473 366 1534 Ptolemaeo
383 1491 471 1551 rege,
498 1491 588 1552 aquo
606 1474 660 1532 sibi
678 1490 795 1552 quoque
813 1472 930 1534 irmidias
946 1471 1024 1532 tendi
1043 1469 1121 1532 vide·
1151 1538 1155 1546 Ι

118 1557 180 1633 bat,
196 1557 304 1618 bellurn
319 1575 389 1617 sane
406 1557 603 1618 difficillimum
619 1560 729 1634 gessit,
748 1576 843 1636 neque
854 1557 923 1619 loco
940 1574 1036 1635 neque
1051 1565 1158 1615 tem-1⁵

118 1659 192 1723 pore
211 1660 322 1720 aequo,
345 1640 397 1700 sed
417 1640 511 1700 hieme
529 1643 594 1701 anni
612 1651 640 1700 et
656 1642 727 1700 iutra
743 1642 857 1702 moenia
877 1640 1071 1720 copiosissimi
1086 1657 1122 1699 ac

118 1726 311 1788 sollertissimi
325 1725 435 1802 bostis,
457 1726 542 1805 inops
564 1727 628 1805 ipse
651 1727 774 1784 omnium
794 1743 890 1786 rerum
905 1733 992 1804 atque
1007 1725 1121 1802 inpara-

117 1821 172 1870 tus.
216 1811 349 1888 Regnum
365 1810 494 1887 Aegypti
517 1811 610 1870 victor
633 1806 808 1889 Cleopatrae
829 1810 969 1887 fratrique
989 1811 1051 1867 eius
1071 1806 1121 1864 mi·

117 1897 181 1954 nori
199 1895 345 1973 permisit,
362 1895 471 1954 veritus
487 1894 665 1973 provinciam
682 1893 800 1969 facere,
816 1911 852 1952 ne
871 1892 1044 1972 quandoque
1060 1891 1121 1948 vio-

117 1978 269 2038 lentiorem
301 1977 465 2057 praesidem
488 1987 572 2038 nacta
598 1994 736 2037 novarum
762 1994 863 2036 rerum·
883 1976 1002 2036 materia
1031 1983 1157 2034 essetan

117 2061 163 2120 nb
180 2061 357 2133 Alexandria
373 2063 400 2120 iu
416 2062 528 2136 Syriam
546 2071 574 2120 et
589 2060 655 2120 inde
670 2060 790 2120 Pontum
805 2062 932 2136 transiit,
950 2057 1122 2137 urgentibus

117 2145 153 2205 de
168 2144 318 2205 Pharnace
339 2147 459 2221 nuntiis,
485 2163 570 2222 quem
590 2143 759 2206 Mithridatis
776 2144 875 2221 Magni
892 2145 980 2204 lilium
1002 2161 1037 2203 ac
1054 2151 1127 2201 tunc.
1204 2217 1205 2224 ἵ

117 2229 275 2289 occasione
300 2237 462 2306 temporum
484 2228 640 2288 bellantem
666 2231 779 2306 iamque
807 2228 961 2308 multiplici
982 2244 1123 2288 successu

117 2312 335 2393 praeferocem,
363 2313 437 2372 intra
459 2313 586 2392 quintum
609 2331 693 2391 quam
716 2311 846 2372 adfuerat
869 2313 959 2390 diem,
988 2319 1123 2390 quattuor

118 2395 220 2476 quibus
243 2397 271 2455 in
288 2404 478 2474 conspectum
494 2397 572 2469 venit
587 2396 682 2473 horis,
706 2413 761 2456 una
777 2395 945 2476 profligavit
961 2397 1039 2464 aeie;
1058 2411 1156 2454 cre-as

116 2481 170 2540 bro
189 2497 418 2540 commemorans
429 2479 549 2558 Pompei
565 2479 748 2556 felicitatem,
766 2481 812 2540 cui
829 2481 987 2559 praecipua
1002 2477 1123 2538 militiae

116 2565 178 2626 laus
196 2564 232 2624 de
248 2574 304 2624 tarn
326 2563 425 2626 inbelli
441 2581 553 2640 genere
573 2563 699 2624 hostium
716 2565 896 2642 contigisset.
927 2563 1040 2622 Dehinc
1061 2561 1122 2620 Sci·

116 2649 233 2727 pionem
255 2665 290 2708 ac
311 2647 410 2707 labam
432 2647 572 2725 reliquias
593 2651 714 2726 partium
735 2649 763 2706 in
781 2647 881 2707 Africa
897 2646 1057 2708 refoventis
1073 2644 1122 2705 de·
1192 2721 1195 2726 Ι

75 2732 199 2806 36νὶοίι,
219 2730 340 2810 Pompei
364 2731 473 2792 liberos
494 2732 521 2790 in
535 2731 683 2810 Hispania.
717 2731 866 2802 ‘Omnibus
883 2730 1017 2792 civilibus
1034 2728 1123 2789 bellis

115 2815 222 2874 nullam
245 2813 357 2874 cladem
379 2816 432 2874 nisi
453 2834 507 2895 per
523 2814 638 2893 legatos
654 2833 723 2876 suos
739 2833 845 2894 passus
867 2824 926 2891 est,
949 2831 1071 2893 quorum
1088 2810 1160 2875 (bac

117 2897 204 2958 Curio
222 2899 250 2956 in
265 2898 366 2958 Africa
383 2900 484 2977 periit,
507 2899 540 2959 Ο.
557 2900 699 2960 Antonius
714 2901 743 2958 in
757 2898 877 2974 illyrico
892 2899 921 2958 in
937 2897 1122 2959 adversario·

115 3001 177 3040 rum
193 2980 310 3041 devenit
327 2990 517 3060 potestatem,
532 2984 564 3044 P.
578 2983 733 3046 Dolabella
749 2984 874 3054 classem
889 2983 918 3042 in
934 2981 1039 3043 eodem
1053 2980 1122 3056 llly-
1204 2983 1205 2986 ’

114 3068 193 3142 rico,
216 3064 275 3125 CN.
295 3064 438 3140 Domitius
454 3064 591 3126 Calvinus
612 3068 641 3127 in
656 3068 749 3128 Ponto
773 3068 932 3128 exercitum
954 3067 1122 3127 amiserunt.
1142 3064 1157 3080 '

114 3148 183 3228 lpse
201 3151 400 3228 prosperrime
415 3147 532 3231 scinper
545 3169 580 3211 ac
595 3169 631 3211 ue
647 3153 766 3230 ancipiti
782 3151 897 3230 quidem
915 3161 1048 3229 umquam
1063 3149 1125 3210 fors

113 3243 162 3293 tun
188 3279 197 3310 ,
214 3242 418 3313 praeterquam
433 3232 494 3308 bis,
513 3233 671 3296 dimicarit:
693 3235 783 3296 semel
800 3235 835 3296 ad
849 3233 1056 3310 Dyrrachium,-
1073 3233 1160 3304 ubist

114 3251 229 3409 pulbus,
253 3335 310 3379 nou
332 3319 456 3378 instante
479 3317 636 3398 Pompeio,
662 3321 780 3396 negavit
802 3323 866 3379 eum
887 3320 1006 3379 vincere
1032 3319 1136 3396 scire,

10 3403 11 3406 ’
113 3401 215 3460 iterum
226 3404 254 3461 in
265 3401 514 3482 llispaniaultimo
529 3402 644 3480 proelio
679 3421 741 3462 curn
758 3403 922 3482 desperatis
933 3402 1022 3463 rebus
1035 3401 1122 3481 etiam

113 3482 149 3543 de
167 3486 375 3550 consciscenda
393 3502 468 3546 nece
486 3487 634 3564 cogitavit.
