2438 3872
125 161 187 223 226
203 173 233 220 e.
249 171 399 221 suunour
415 171 542 233 annno.
559 173 607 220 nn
622 173 706 220 vrnu
726 171 912 222 causarum
924 143 1086 224 ms.uu1.

125 329 224 388 tillam.
257 327 349 390 Uxori
365 345 400 388 ac
418 327 495 388 illiae
510 336 662 408 superstes
677 328 744 406 luit,
761 337 847 408 atque
864 337 1015 408 utramque
1031 329 1130 390 adbuc

125 413 254 494 privatus
271 411 373 472 amisit.
408 409 477 472 Post
491 413 593 472 uxoris
609 430 762 472 excessum
781 409 956 489 Caenidem,
978 414 1127 474 Antoniae

124 496 257 557 libertam
267 506 324 558 eta
338 513 433 573 manu,
450 495 586 557 dilectam
598 496 740 576 quondam
754 496 809 556 sibi
821 498 972 558 revocavit
984 498 1012 556 in
1026 507 1126 558 contu

124 581 270 656 bernium,
284 578 439 659 habuitque
452 581 535 640 etiam
548 580 707 660 imperator
719 599 813 659 paene
827 581 919 640 iustae
931 582 1032 642 uxoris
1045 582 1126 642 loco.

96 681 113 734 4
186 663 306 727 Glandio
327 664 458 744 principe
473 663 605 725 Narcissi
620 665 712 742 gratia
727 665 842 742 legatus
859 665 985 742 legionis
1008 668 1036 724 in
1052 666 1148 727 Ger-s

123 750 246 810 ‘maniam
261 749 365 808 missus
382 757 440 817 est;
458 748 525 808 inde
540 749 568 808 in
579 747 753 812 Britanniam
764 748 931 826 translatus,
948 750 1048 809 tricies
1062 765 1128 810 cum

125 835 211 895 hoste
233 830 371 894 conflixit
410 831 489 894 Duas
512 832 703 893 validissimas
722 842 828 910 gentes
851 850 999 912 superque
1022 835 1128 912 viginti

126 917 234 998 oppida
252 926 280 978 et
292 917 412 977 insulam
427 918 551 977 Vectem
568 917 730 978 Britanniae
746 918 907 1000 proximam
928 918 960 1017 in
980 917 1128 1018 dicionem

126 1090 217 1187 ipsius
235 1086 331 1147 ductu
361 1087 458 1161 Quare
474 1084 655 1165 triumphalia
669 1094 835 1144 ornamenta
850 1093 880 1144 et
904 1086 932 1144 in
953 1085 1038 1145 brevi
1057 1103 1125 1166 spa·
1138 1102 1165 1143 rc

126 1173 165 1233 tio
181 1170 290 1250 duplex
304 1169 498 1229 sacerdotium
513 1169 638 1248 accepit,
658 1177 810 1248 praeterea
828 1169 1022 1248 consulatum,
1040 1187 1128 1249 quern

31 1244 64 1308 i
126 1257 222 1332 gessit
243 1271 296 1332 per
320 1252 393 1312 duos
415 1254 590 1314 novissimos
611 1253 676 1313 anni
696 1271 822 1314 menses.
867 1253 990 1314 Medium
1009 1263 1128 1334 tempus

126 1339 162 1400 ad
177 1336 415 1418 proconsulatum
430 1339 563 1416 usquein
577 1338 637 1398 otio
651 1354 831 1416 secessuque
844 1339 915 1416 egit,
931 1339 1127 1418 Agrippinam

126 1426 230 1484 timens
252 1430 400 1521 potentem
424 1421 517 1482 adhuc
534 1421 608 1501 apud
624 1420 711 1481 lilium
728 1429 756 1481 et
772 1421 900 1481 deiuncti
919 1439 1035 1546 quoque
1051 1421 1126 1482 Nar·

128 1509 195 1568 cissi
211 1507 294 1566 amici
308 1523 454 1585 perosam.
1138 1519 1166 1561 rs

188 1591 271 1652 Exim
290 1589 409 1650 sortitus
425 1590 570 1666 Africam,
594 1590 782 1668 integerrime
800 1607 856 1650 nec
871 1591 933 1650 sine
954 1607 1059 1667 magna
1083 1589 1140 1650 di·-

114 1677 264 1754 gnatione
279 1674 496 1752 administravit,
512 1675 566 1733 nisu
560 1675 657 1753 quod
668 1674 835 1736 Hadrumeti
847 1674 990 1734 seditione
1003 1672 1126 1752 quadam

126 1778 198 1838 rapa
216 1762 243 1819 in
266 1778 330 1819 eum
353 1760 427 1819 iacta
450 1766 524 1818 sunt.
561 1757 657 1818 Rediit
676 1767 756 1818 certe
777 1757 866 1818 nihilo
889 1758 1071 1838 opulentior,
1094 1767 1126 1817 ut

128 1845 185 1925 qui,
200 1860 295 1924 prope
312 1841 485 1904 labefactata
501 1843 557 1902 iam
573 1841 640 1919 lide,
659 1845 752 1902 omnia
767 1842 887 1921 praedia
907 1843 988 1903 fratri
1011 1839 1125 1918 obliga·

8 1971 13 1978 ι
127 1929 164 1989 rit
179 1929 407 2005 necessarioque
426 1925 461 1986 ad
476 1927 665 2003 mangonicos
679 1935 816 2006 quaestus
830 1925 1015 1988 sustinendae
1029 1925 1123 2003 digni·
1134 1944 1166 1986 eo

127 2014 194 2073 tatis
210 2029 297 2072 causa
315 2010 514 2080 descenderit;
532 2019 655 2089 propter
672 2009 749 2090 quod
764 2011 851 2088 vulgo
867 2010 982 2072 mulio
996 2008 1125 2070 vocaba-

8 2149 10 2156 ,
127 2106 182 2157 tur.
214 2094 375 2156 ‹Convictns
391 2112 508 2173 quoque
524 2094 628 2154 dicitur
643 2094 766 2155 ducenta
785 2095 919 2155 sestertia
935 2095 1126 2173 expressisse

8 2189 14 2236 Γ
128 2181 232 2256 iuveni,
249 2179 295 2238 cui
314 2177 402 2238 latum
426 2178 538 2238 clavum
559 2176 701 2238 adversus
723 2179 813 2256 patris
835 2179 1012 2239 voluntatem
1032 2179 1125 2258 im‘pe·

128 2270 217 2323 trarat
219 2279 339 2340 ,eoque
354 2262 468 2322 nomine
484 2262 616 2338 graviter
630 2263 798 2342 increpitus.

190 2308 430 2424 Peregrinatione
446 2344 574 2406 Achaica
590 2346 665 2406 inter
681 2346 802 2406 comites
817 2343 958 2424 Neronis,
975 2365 1039 2407 cum
1055 2366 1124 2407 cau·
1133 2373 1163 2412 ss

128 2439 206 2492 tante
223 2448 258 2491 eo
277 2439 324 2490 aut
338 2428 504 2490 discederet
519 2429 635 2509 saepius
654 2439 701 2490 ant
716 2433 858 2508 praesens
881 2429 1126 2510 obdormisceret,

129 2515 328 2595 gravissimam
341 2515 484 2575 contraxit
498 2513 648 2590 offensam,
664 2513 885 2594 prohibitusque
896 2532 955 2576 non
968 2514 1124 2576 contuber-

128 2601 177 2660 nio
191 2599 279 2661 modo
295 2598 347 2658 sed
363 2599 448 2660 etiam
462 2597 579 2677 publica
593 2598 783 2675 salutatione,
807 2601 932 2660 secessit
951 2601 980 2660 in
1003 2618 1125 2680 parvam

19 2733 24 2742 .
130 2701 164 2743 ac
180 2683 291 2744 deviam
309 2684 461 2760 civitatem,
480 2681 575 2762 quoad
595 2681 694 2742 latenti
715 2685 858 2762 etiamque
880 2693 1010 2745 extrema
1032 2693 1123 2744 metu·

129 2767 188 2826 enti
201 2767 352 2845 provincia
368 2785 431 2826 cum
450 2767 580 2826 exercitu
595 2764 692 2826 oblata
708 2775 762 2826 est.
1132 2791 1161 2834 ao

192 2849 404 2910 Percrebuerat
419 2849 537 2911 Oriente
554 2859 616 2912 toto
634 2859 716 2910 vetus
731 2859 760 2911 et
776 2860 913 2912 constans
927 2851 1038 2932 opinio,
1054 2871 1124 2912 esse

129 2936 157 2994 in
173 2934 239 2994 fatis
254 2942 284 2994 ut
300 2951 337 2993 eo
352 2942 484 3014 tempore
501 2933 606 2996 iudaea
620 2935 748 3014 proiecti
767 2952 863 2995 rerum
887 2939 1059 3014 potirentur.
1090 2935 1124 2995 ld

11 3085 15 3092 ,
121 3015 165 3079 de
180 3021 357 3096 imperatore
373 3018 516 3096 Romano,
532 3027 665 3098 quantum
682 3027 784 3098 postea
797 3028 903 3080 eventu
916 3021 1019 3099 paruit,
1038 3039 1123 3100 prae·

130 3103 235 3164 dictum
249 3101 347 3163 ludaei
364 3101 401 3162 ad
417 3120 449 3162 se
465 3102 613 3163 trahentes
627 3102 814 3180 rebellarunt,
832 3121 979 3183 caesoque
996 3121 1123 3184 praepo·
1165 3133 1169 3140 ·

131 3188 186 3247 sito
203 3187 331 3265 legatum
347 3187 466 3266 insuper
482 3188 583 3262 Syriae
599 3187 779 3256 consularem
796 3189 946 3268 suppetias
968 3189 1123 3266 ferentem,
1133 3208 1158 3250 ιι

129 3279 212 3349 rapta
230 3270 342 3350 aquila,
363 3271 547 3347 fugaverunt.
583 3270 628 3331 nd
653 3271 728 3331 hunc
750 3279 857 3332 motum
877 3271 1123 3351 comprimendum

131 3371 193 3413 cum
210 3354 341 3414 exercitu
356 3353 496 3432 ampliore
512 3363 540 3413 et
555 3372 613 3415 non
629 3356 777 3416 instrenuo
793 3355 877 3433 duce,
894 3356 940 3416 cui
954 3363 1050 3416 tamen
1061 3365 1122 3418 tuto

129 3445 206 3497 tauta
221 3455 269 3496 res
287 3439 528 3514 committeretur,
544 3456 618 3516 opus
637 3441 819 3518 esset,.ipse
841 3441 1020 3518 potissimum
1043 3439 1140 3501 dele·-
