2444 3872
125 164 185 227 142
215 176 245 226 0·
262 176 412 226 sumnom
427 176 554 237 ruunt).
570 177 619 224 DE
633 176 716 226 vruh
733 175 915 226 CAESARUM
932 178 1001 228 LIB.
1015 179 1082 228 1111.

125 334 264 396 amatorio
282 333 396 412 quidem
420 330 646 409 medicamento,
671 332 723 393 sed
738 331 814 412 quod
834 333 862 392 in
882 333 1008 394 furorem
1026 341 1122 394 verte·

124 419 170 479 rit.
214 415 389 478 Incitabatur
409 417 549 477 insomnia
568 418 704 487 maxime3
725 434 820 497 neque
841 419 915 477 enim
942 417 1008 497 plus
1037 435 1123 497 quam

125 499 215 562 tribus
230 501 378 562 nocturnis
401 498 482 560 horis
497 499 682 578 quiescebat,
705 518 740 562 ac
761 518 798 561 ne
816 502 857 568 iis,
876 501 991 580 quidem
1007 500 1123 580 placida

124 587 238 664 quiete,
259 584 312 646 sed
326 582 431 663 pavida
446 584 525 644 miris
544 602 639 645 rerum
654 579 967 682 imaginibus,‘Qi
982 585 1058 645 inter
1074 603 1121 646 ce·

123 678 202 730 teras
223 667 323 748 pelagi
338 665 481 748 quondam
502 668 632 747 speciem
652 667 874 747 conloquentem
898 685 998 730 secum
1021 666 1122 729 uidere
1145 685 1159 726 s

124 753 202 814 visus
220 752 265 813 sit.
309 751 439 832 Ideoque
464 769 568 829 magna
589 761 672 830 parte
694 753 788 812 noctis
807 752 925 830 vigiliae
940 751 1122 835 cubandique

122 835 218 900 taedio
233 853 309 896 nuno
324 844 388 897 toro
402 835 549 913 residens,
569 853 645 895 nuno
660 854 713 914 per
727 835 912 915 longissimas
928 838 1059 916 porticus
1073 854 1122 898 ra·

122 939 178 1002 gns
192 920 329 983 invocare
345 918 499 980 identidem
515 929 602 999 atque
618 927 776 998 expectare
793 919 887 980 lucem
902 928 1066 980 consuerat.
1096 944 1099 949 ⁸

80 1008 114 1063 61
182 1003 249 1066 Non
263 1004 395 1064 inmerito
409 1003 513 1063 mentis
527 1002 675 1064 ualitudini
689 1002 864 1064 attribuerim
880 1001 1074 1064 diuersissima
1094 1005 1123 1062 in
1212 1015 1214 1082 ξ

123 1088 228 1152 eodem
243 1087 325 1164 vitia,
344 1103 479 1147 summam
495 1086 695 1148 confidentiam
716 1095 745 1146 et
761 1095 861 1149 contra
876 1087 992 1147 nimium
1005 1095 1120 1148 metum.
1133 1108 1157 1150 ro
1212 1091 1214 1144 t

122 1171 259 1250 Numqui
277 1169 350 1231 deos
368 1179 446 1231 tanto
463 1186 555 1248 opere
577 1178 789 1248 contemneret,
814 1170 850 1232 ad
870 1172 982 1232 minima
998 1171 1124 1230 tonitrua
1213 1203 1214 1212 =

75 1266 96 1328 ‚j
124 1264 153 1318 et
167 1254 282 1333 fulgura
302 1254 457 1330 conivere,
482 1263 568 1334 caput
591 1252 766 1330 obvolvere,
789 1263 817 1314 at
839 1271 910 1315 vero
929 1255 1040 1315 maiore
1055 1269 1121 1333 pro·

123 1331 222 1419 ripere
242 1354 277 1397 se
290 1355 307 1398 e
321 1345 412 1398 struto
430 1336 482 1397 sub
503 1338 670 1417 lectumque
687 1331 1122 1415 condere“sdlebhb{‘“‘*Peregri-

123 1422 241 1485 natione
261 1419 376 1502 quidem
396 1420 540 1482 Siciliensi
560 1422 652 1482 irrisis
673 1421 788 1481 multum
811 1420 944 1483 locorum
965 1419 1122 1496 miraculis,

12 1559 13 1566 ,
77 1547 82 1584 ,1
122 1513 246 1586 repente
265 1503 437 1594 adlessana
456 1513 544 1565 noctu
562 1504 691 1585 profugit
705 1503 829 1565 Aetnaei
853 1505 972 1566 uerticis
993 1504 1072 1565 fumo
1087 1521 1123 1564 ac
1133 1523 1157 1566 rt

80 1591 93 1610 ⁰
123 1608 265 1652 murmure
280 1588 459 1670 pavefactus.
503 1586 653 1650 Adversus
673 1587 815 1650 barbaros
832 1606 949 1669 quoque
963 1581 1122 1648 minacissi-

8 1701 10 1706 ·
122 1693 201 1752 mus,
232 1691 295 1734 cum
317 1681 395 1735 tram
411 1672 543 1734 Rhenum
564 1674 639 1733 inter
653 1674 802 1750 angustias
819 1671 995 1750 densumque
1017 1687 1124 1750 agmen

122 1761 178 1819 iter
196 1756 302 1818 essedo
323 1756 451 1836 laceret,
483 1756 597 1818 dicente
624 1755 748 1835 quodam
772 1773 830 1817 non
855 1755 1032 1838 mediocrem
1057 1755 1122 1815 lore

49 1893 55 1903 ,
124 1843 386 1902 consternationem
408 1841 526 1903 sicunde
547 1838 640 1910 hostis
658 1848 812 1920 appareat,
833 1856 937 1920 equum
961 1839 1028 1900 ilico
1053 1855 1121 1899 con·

123 1925 235 1988 scendit
250 1941 286 1986 ac
306 1941 434 2006 propere
449 1942 585 1986 reversus
601 1921 639 1984 ud
659 1931 779 2004 pontes,
800 1932 831 1985 ut
855 1942 907 1985 eos
925 1921 1075 1984 calonibus
1094 1930 1159 1982 etro

123 2009 334 2090 impedimentis
355 2010 477 2089 stipatos
497 2009 644 2090 repperit,
665 2008 817 2088 impatiens
839 2023 938 2069 morae
954 2025 1008 2087 per
1022 2023 1123 2067 manus

122 2113 158 2155 ac
175 2110 263 2172 super
280 2094 376 2172 capita
394 2091 537 2154 hominnm
558 2090 713 2155 truslutus
735 2100 788 2152 est.
832 2091 902 2154 llox
921 2094 1006 2152 etium
1027 2090 1123 2156 audita

123 2176 286 2238 rebellione
307 2175 492 2254 Germaniae,
513 2176 611 2253 lugam
629 2183 659 2236 et
680 2175 807 2237 subsidia
826 2174 915 2254 lugse
936 2174 1049 2234 classes
1072 2191 1122 2252 ap·

123 2257 259 2340 parabat,
276 2275 333 2320 uno
359 2257 464 2320 solatio
478 2258 698 2340 adquiescens,
733 2260 935 2320 transmarinas
960 2265 1041 2318 certe
1067 2257 1123 2317 sibi

123 2341 322 2424 superluturas
337 2342 520 2422 provincias,
542 2344 567 2404 si
581 2344 710 2404 victores
724 2341 840 2423 Alpium
856 2344 939 2420 iuga,
958 2350 990 2402 ut
1002 2339 1159 2418 Cimbrice

122 2427 277 2488 ueletiam
300 2425 417 2505 urbem,
441 2434 471 2487 ut
492 2427 625 2488 Senones
652 2425 810 2506 quondum,
830 2433 1021 2505 occuparent;
1047 2423 1124 2485 unde

124 2511 213 2574 oredo
243 2510 467 2592 percussoribus
496 2511 558 2572 eius
589 2519 694 2590 postea
724 2491 874 2571 consilium
901 2517 1011 2586 namur,
1046 2507 1124 2588 apud

122 2595 324 2658 tumultuantes
343 2594 451 2656 milites
469 2594 656 2673 ementiendi,
678 2595 771 2674 ipsum
794 2593 849 2655 sibi
871 2611 969 2656 monus
989 2591 1123 2653 intulisse

121 2679 220 2741 nuntio
235 2678 328 2740 malae
345 2695 460 2758 pugnae
477 2677 669 2760 perterritum.

81 2773 116 2829 52
187 2762 302 2824 Vestitu
320 2760 501 2842 calciatuque
517 2770 547 2824 et
564 2769 664 2822 cetero
682 2761 780 2823 habitu
801 2778 897 2841 neque
916 2761 1010 2840 patrio
1026 2777 1121 2840 neque
1132 2767 1160 2812 ³⁰

124 2845 218 2922 civili,
248 2863 284 2908 uc
305 2861 342 2905 ne
357 2845 433 2921 virili
450 2844 566 2927 quidem
579 2863 614 2907 ac
630 2845 755 2926 denique
775 2843 898 2906 humano
919 2844 1036 2923 semper
1053 2861 1123 2904 usus

122 2938 177 2990 est.
222 2930 319 3008 Saepe
333 2927 465 3008 depictas
483 2937 700 3010 gemmatasque
714 2927 827 2989 indutus
848 2926 1006 3008 paenulas,
1025 2943 1122 2987 munu-

122 3013 216 3075 leatus
231 3021 261 3076 et
275 3011 432 3076 armillatus
447 3016 476 3076 in
491 3013 638 3094 publicum
652 3012 811 3093 processit;
840 3007 995 3092 aliquando
1013 3011 1122 3071 serica·

122 3107 168 3158 tus
184 3104 214 3158 et
229 3095 411 3174 excludatus3
439 3116 475 3160 ac
495 3097 580 3160 modo
596 3098 625 3158 in
645 3095 772 3178 crepidis
785 3094 835 3158 rel
851 3094 1012 3172 cothurnis,
1035 3093 1122 3156 modo

121 3182 150 3242 in
177 3180 372 3262 speculatoria
398 3183 511 3261 caliga,
533 3197 742 3261 nonnumquam
768 3196 859 3241 socco
887 3176 1035 3249 muliebri;
1059 3178 1161 3259 ple-at
1206 3237 1214 3280 ἓ

122 3283 242 3345 rumque
264 3283 336 3326 vero
358 3283 446 3328 aurea
468 3265 574 3344 barba,
593 3264 701 3326 fulmen
721 3272 825 3326 teneus
846 3271 894 3324 aut
911 3263 1053 3324 fuscinam
1074 3271 1125 3324 aut

124 3349 281 3410 caduceum
296 3348 416 3410 deonrm
436 3350 574 3426 insignia3
602 3357 687 3428 atque
703 3349 788 3409 etium
804 3347 930 3409 Veneris
951 3345 1031 3407 cultu
1053 3362 1122 3407 con·

124 3439 242 3511 spectus
262 3440 316 3492 est.
360 3430 571 3500 Triumphalem
594 3432 707 3514 quidem
730 3440 860 3494 ornatum
880 3431 964 3492 etiam
989 3439 1055 3491 unte
1073 3448 1123 3491 err·
