2438 3872
116 165 181 239 208
205 187 236 237 c.
249 187 400 237 sunuoru
412 187 542 248 annuo
559 189 606 235 nn
619 189 701 236 vrrs
715 187 901 238 cunsnnnn
908 191 980 239 nm.
992 181 1053 239 vir.

121 345 271 406 auctore?
289 343 489 422 responderit;
510 352 597 423 atque
613 345 643 402 in
660 344 754 404 iorum
770 362 863 424 usque
885 346 1044 424 processit.
1073 343 1123 406 lbl

122 430 244 508 equites,
261 427 363 508 quibus
378 427 509 488 mandata
522 426 628 502 caedes
636 437 707 506 erat,
716 445 779 487 oum
791 447 845 508 per
853 429 999 509 publicum
1009 429 1121 490 dimota

121 527 300 592 paganorum
313 509 394 572 turba
411 528 503 591 equos
516 511 695 589 adegissent,
705 513 771 572 viso
784 513 887 590 prooul
900 529 948 591 eo,
961 530 1121 592 parumper
1209 543 1210 546 κ

121 598 301 666 restiterunt;
321 594 387 655 dein
403 613 516 654 rursum
531 596 640 656 inuitati
660 593 805 672 desertum
823 613 839 656 a
857 598 916 656 suis
936 595 1119 658 oontrnoida·

116 689 196 741 runt.
603 686 608 690 '
648 701 651 706 ⁴
1134 693 1148 732 ι

55 810 57 819 1
75 769 115 823 20
186 763 257 835 Sunt
269 764 317 844 qui
332 763 454 840 tradant,
470 762 505 824 ad
521 765 641 843 primum
654 763 800 824 tumultum
822 763 1019 841 proclamasse
1036 781 1119 824 eum:

119 847 207 924 puto
226 848 321 928 opilia
341 846 583 910 commilitones?
603 865 660 926 epo
679 854 782 907 vester
801 863 884 923 sum,
915 852 945 906 et
962 864 1021 908 ooa
1041 846 1121 906 mei!

119 933 286 994 donativum
298 932 382 992 etiam
395 931 566 1010 pollicitum.
602 931 704 991 Plures
715 939 809 993 antem
820 930 1017 1009 prodiderunt,
1034 938 1121 1010 optu-
1210 951 1211 1006 ι

120 1017 194 1078 iisse
205 1015 281 1076 ultro
293 1015 418 1092 iugulum
431 1024 460 1074 et
470 1021 505 1075 ot
514 1014 572 1075 luno
584 1021 720 1094 opereat,
734 1031 773 1076 oo
781 1012 922 1092 serires,
936 1013 1061 1093 quondo
1073 1014 1122 1074 ita

118 1099 295 1176 videretur,
316 1099 468 1166 hortatum.
499 1096 574 1157 Illud
598 1100 697 1158 mirum
719 1097 869 1159 admodum
890 1098 992 1176 inerit,
1022 1110 1158 1176 nequem
1208 1094 1211 1112 ³

122 1184 319 1264 praesentium
342 1199 513 1261 quemquam
539 1197 626 1260 opem
642 1183 808 1260 imperatori
832 1181 911 1241 ierre
934 1191 1067 1241 conatum
1088 1191 1122 1240 et

122 1285 225 1329 omnes
238 1267 288 1345 qui
299 1267 510 1340 arcessirentur
524 1266 674 1344 sprevisse
685 1267 820 1342 nundum,
836 1274 962 1344 excepta
971 1265 1122 1326 Germani·
1150 1301 1158 1318 ι

124 1353 272 1425 oianorum
282 1345 482 1410 vexillatione.
511 1348 534 1408 li
546 1349 583 1409 ob
598 1345 846 1434 reeenst'meritnm
865 1349 944 1427 quod
957 1368 990 1410 se
1008 1366 1122 1426 aegros

123 1445 154 1496 et
172 1432 315 1494 invalidos
331 1419 672 1511 magnopereiovisset‚
702 1434 731 1492 in
749 1433 882 1493 auxilium
899 1431 1123 1510 advolaverunt,

118 1518 176 1580 sed
190 1519 291 1595 serius,
304 1517 407 1577 itinere
421 1517 506 1576 devio
519 1535 572 1595 per
579 1517 768 1594 ignorantiam
781 1516 913 1576 locorum
923 1515 1071 1577 retardati.
1132 1535 1160 1575 re

69 1571 119 1651 Q
187 1600 336 1679 lugulatus
348 1610 394 1660 est
405 1601 441 1660 ad
452 1601 546 1660 laeum
558 1598 637 1659 Curti
649 1617 684 1660 ae
695 1599 815 1660 relictus
826 1602 869 1660 ita·
875 1603 914 1660 uti
927 1609 1006 1677 erat,
1024 1599 1122 1660 donee

124 1686 279 1765 gregarius
290 1684 373 1744 miles
385 1701 401 1744 a
413 1685 633 1744 frumentatione
651 1683 769 1744 rediens
786 1683 900 1744 abieoto
920 1702 1011 1744 onere
1033 1693 1123 1761 capnt

7 1823 8 1842 q
126 1770 153 1830 ei
167 1771 337 1848 amputavit;
351 1776 380 1828 et
392 1768 525 1846 quoniam
537 1767 644 1846 capillo
657 1769 787 1846 arripere
800 1786 858 1828 non
871 1776 996 1848 poterat,
1013 1768 1041 1827 in
1052 1783 1122 1844 gre-

7 1867 8 1870 ’
118 1853 210 1913 mium
222 1850 344 1929 addidit,
357 1861 426 1911 mox
437 1852 546 1912 inserto
558 1870 611 1931 per
624 1869 658 1913 os
671 1851 781 1932 pollice
800 1851 835 1910 ad
847 1851 991 1912 Othonem
1008 1850 1121 1910 detulit.

7 1975 8 1978 =
120 1937 180 1998 llle
191 1935 258 1996 lixis
271 1935 478 2015 oalonibusque
489 1934 616 2012 donavit,
628 1937 676 2015 qui
690 1933 772 1994 basta
784 1936 918 2015 suillorum
929 1953 988 1996 nou
1000 1936 1062 1994 sine
1077 1932 1120 1992 lu·
1132 1953 1158 1994 ao

7 2051 8 2054 ¹
99 2036 104 2084 ὶ
124 2021 220 2082 dibrio
232 2022 340 2096 circum
353 2027 446 2080 eastra
459 2027 618 2097 portarunt,
629 2018 825 2102 adelamantes
835 2017 1004 2080 identidem:
1017 2016 1124 2078 Galba

29 2141 33 2147 Α
126 2102 260 2180 Cupido,
275 2101 399 2181 fruaris
413 2109 515 2162 aetate
528 2103 603 2162 tou!
629 2103 750 2164 maxime
768 2102 870 2163 irritati
886 2103 923 2182 ad
937 2103 1024 2162 talem
1040 2102 1122 2162 iooo-

40 2185 45 2200 “
99 2179 103 2194 ²
126 2203 189 2248 rum
200 2185 396 2265 petulantiam,
409 2186 486 2266 quod
498 2193 564 2246 ante
576 2204 687 2265 paucos
699 2186 760 2246 dies
772 2187 885 2246 exierat
896 2187 924 2245 in
933 2186 1049 2264 vulgus,
1061 2185 1122 2246 lau·

7 2295 9 2302 ’
125 2269 204 2332 danti
222 2269 332 2329 euidam
343 2269 463 2330 formam
478 2287 557 2328 suam
570 2279 601 2330 nt
618 2269 709 2330 adbuc
726 2269 857 2330 floridam
875 2278 904 2330 et
916 2279 1053 2348 vegetam
1073 2287 1121 2327 re·

7 2389 21 2429 2.
124 2352 284 2434 spondlsse
297 2343 456 2413 eumz’llst
465 2345 522 2432 μοὶ
531 2347 628 2430 μένος
640 2345 896 2432 ἔμπεδόνέστιν.
924 2349 972 2413 Ab
983 2354 1009 2413 is
1021 2353 1121 2414 Patro-
1131 2371 1159 2412 as

126 2439 168 2498 bii
180 2437 339 2498 Neroniani
349 2435 470 2497 libertus
483 2444 595 2496 eentum
607 2439 702 2498 aureis
713 2438 892 2519 redemptum
911 2455 948 2497 eo
961 2437 1048 2514 loeo,
1072 2435 1122 2496 nbi

54 2545 56 2550 ·
127 2525 207 2582 iussu
220 2520 330 2584 Galbae
342 2518 569 2582 animadversum
580 2523 609 2580 in
621 2529 770 2599 patronum
783 2539 863 2582 suum
877 2521 987 2598 inerat,
1004 2520 1122 2580 abiecit.

129 2606 202 2666 Sero
215 2604 328 2666 tandem
340 2604 523 2686 dispensator
535 2603 663 2684 Argivus
676 2613 705 2664 et
715 2604 773 2666 boo
790 2615 821 2668 et
841 2612 970 2665 ceterum
991 2614 1124 2667 truneum

128 2691 158 2747 in
173 2690 293 2766 privatis
306 2690 368 2749 eius
380 2689 472 2750 hortis
482 2688 601 2749 Aurelia
611 2690 658 2749 via
669 2688 837 2768 sepulturae
848 2688 936 2753 dedit.

85 2779 120 2834 at
193 2771 306 2832 Statura
328 2773 381 2832 luit
401 2774 493 2848 iusta,
516 2773 610 2852 eapite
636 2772 812 2851 praecelso,
846 2773 939 2834 oeulis
967 2764 1160 2851 caeruleiqao

128 2852 241 2914 adunoo
253 2859 339 2932 naso,
355 2855 485 2934 manibus
501 2854 680 2936 pedibusque
700 2857 845 2918 articulari
860 2857 963 2918 morbo
980 2856 1124 2918 distortis-

129 2938 216 3014 simis,
228 2947 259 2997 ut
270 2956 365 3016 neque
379 2938 509 2998 oaleeum
521 2943 637 3020 perpeti
652 2959 706 3000 neo
723 2939 842 3001 libellos
859 2942 999 3006 evolvere
1016 2949 1066 3016 aut
1080 2949 1122 3001 te

128 3039 198 3080 nere
211 3022 326 3082 omnino
343 3020 465 3081 valeret.
501 3021 682 3084 llxereverat
699 3026 788 3085 etiam
799 3027 828 3084 in
845 3025 1012 3086 dexteriore
1029 3025 1124 3086 latere

129 3107 281 3183 eiusdem,
297 3105 574 3187 praependebatque
591 3106 665 3168 adeo
682 3117 712 3168 ut
728 3127 819 3186 aegre
833 3109 925 3169 fascia
942 3104 1121 3186 substringe·

85 3191 216 3250 fflretur.
242 3188 306 3250 Glbi
317 3188 431 3268 plurimi
442 3189 570 3268 traditur,
589 3210 673 3269 quem
684 3201 816 3272 tempore
828 3191 1044 3253 bibernoetiam
1054 3201 1158 3254 anteat
1175 3217 1179 3226 ·

129 3274 223 3335 luoem
241 3293 349 3354 capere
364 3283 534 3351 domuerat,
551 3277 625 3336 inter
644 3293 761 3363 synam
776 3293 848 3338 vero
868 3295 959 3356 usque
977 3293 1014 3336 eo
1033 3275 1121 3336 abun·
1142 3289 1157 3338 e

129 3355 232 3433 dantis,
244 3368 274 3419 ut
291 3367 449 3436 congestas
461 3376 551 3437 super
560 3356 658 3419 manu's
670 3358 808 3438 reliquias
820 3359 998 3420 circumferri
1008 3359 1122 3420 iuberet
1189 3412 1192 3416 .

130 3442 288 3518 spargique
301 3441 336 3502 ad
348 3442 439 3521 pedes
451 3441 599 3503 stantibus.
629 3442 766 3504 lubrdrnrs
779 3446 807 3504 in
821 3436 916 3504 mares
935 3446 1071 3523 pronior,
1092 3452 1123 3504 et

300 3733 319 3774 l
